2134 3091
271 194 338 246 16
767 195 978 242 AULI
1049 196 1362 242 GELLH

791 309 993 362 CAP
1031 309 1167 361 U'l
1240 310 1342 361 lx.

333 396 420 446 Hm?
437 395 768 450 nrodmfioerit,
781 395 887 462 qm's
906 399 1038 438 ordo
1033 393 1313 449 disciplinae
1330 393 1453 450 Pyeh
1458 392 1703 447 agor-icam
1724 407 1865 461 quan·-

391 459 568 509 tmnqve
595 451 810 517 temporis
838 451 1112 506 impet-alma
1140 451 1511 506 observatumque
1527 449 1589 492 u't
1609 449 1788 492 dicendi
1810 449 1867 492 εἰ·

387 510 483 550 mul
499 521 554 550 ac
575 507 770 550 tacendi.

345 586 389 631 l.
431 583 570 630 Ordo
592 587 744 640 atque
764 583 902 630 ratio
923 581 1270 640 Pythagorae,
1302 596 1362 628 ac
1382 581 1620 641 deinceps
1640 582 1868 630 familiae
1930 575 1934 580 ’

276 650 624 698 successionis
663 649 804 708 eius,
835 648 1121 707 recipiendi
1154 648 1556 706 instituendique
1588 649 1867 708 discipulos

277 711 633 764 huiuscemodi
652 716 813 762 fuisse
833 716 1073 762 traditur.
1144 719 1191 760 2.
1230 718 1334 764 lam
1355 729 1385 761 a
1415 716 1671 774 principio
1692 717 1869 762 adole-

273 789 500 839 scenteS,
520 782 609 840 qui
629 797 741 828 sese
761 782 824 827 ad
845 783 1141 829 discendum
1162 783 1475 841 obtulerant,
1496 776 1869 845 ἐφυσιογνωμό-

277 867 366 896 νει.
401 850 468 906 1ιίι
495 851 701 896 verbum
741 849 998 908 significat
1013 883 1026 906 ‚
1062 862 1235 895 mores
1274 854 1583 908 naturasque
1611 850 1871 897 hominum

279 917 660 966 coniectatione
679 917 890 974 quadam
916 917 978 963 de
996 915 1105 962 oris
1125 919 1176 961 et
1193 918 1369 963 vultus
1382 916 1600 976 ingenio
1616 918 1777 975 deque
1791 919 1871 961 to·-

274 986 378 1032 tius
407 983 640 1042 corporis
669 984 754 1029 filo
783 987 933 1040 atque
963 981 1139 1028 habitu
1170 983 1445 1030 sciscitari.
1516 989 1565 1031 3.
1600 986 1758 1040 Tum,
1784 983 1873 1042 qui

273 1052 576 1110 exploratus
612 1052 673 1096 ab
701 1063 762 1096 eo
801 1051 1116 1106 idoneusque
1144 1051 1337 1110 fuerat,
1368 1051 1533 1109 recipi
1556 1049 1613 1098 in
1638 1051 1871 1109 discipli-

276 1133 391 1166 nam
413 1117 588 1164 statim
609 1117 840 1173 iubebat,
865 1120 916 1162 et
935 1121 1133 1174 tempus
1145 1121 1541 1176 certumtacere;
1570 1132 1675 1165 uon
1696 1131 1873 1164 omues

273 1187 423 1246 idem,
442 1185 535 1230 sed
557 1183 690 1230 alios
711 1185 854 1230 aliud
875 1188 1071 1242 tempus
1093 1197 1185 1240 pro
1208 1184 1476 1232 aestimato
1506 1190 1658 1244 captu
1685 1185 1873 1232 soller-

271 1254 393 1299 tiae.
463 1254 510 1299 4.
548 1254 598 1297 ls
626 1253 794 1297 autem
820 1251 908 1309 qui
936 1251 1153 1308 tacebat,
1182 1265 1312 1310 quae
1332 1251 1631 1298 dicebantur
1650 1255 1711 1298 ab
1733 1251 1872 1307 aliis,

272 1318 538 1376 audiebat3
559 1331 722 1374 neque
744 1317 1052 1376 percontari,
1065 1315 1110 1361 si
1133 1331 1309 1377 parum
1333 1318 1687 1378 intellexerat,
1708 1331 1874 1374 neque

275 1384 625 1444 commentari,
646 1397 772 1439 quae
793 1384 1046 1436 audierat,
1070 1387 1148 1431 fas
1168 1388 1297 1430 erat.
1325 1384 1425 1429 Sed
1436 1383 1877 1442 nonminusquis-

274 1466 420 1510 quam
444 1449 632 1506 tacuit,
661 1452 809 1508 quam
836 1449 1119 1496 biennium.
1165 1450 1232 1496 Hi
1254 1463 1463 1508 prorsus
1482 1451 1877 1509 appellabantur

276 1520 416 1565 intra
436 1521 634 1576 tempus
655 1515 860 1563 tacendi
880 1515 1223 1575 audiendique
1256 1511 1567 1563 ἁκουστικοί.
1604 1521 1653 1565 5.
1675 1519 1767 1565 Ast
1789 1517 1875 1563 ubi

275 1600 358 1633 res
381 1584 668 1631 didicerant
686 1598 853 1630 rerum
885 1583 1111 1631 omnium
1140 1584 1501 1643 difficillimas,
1528 1586 1700 1631 tacere
1728 1584 1877 1630 audi-

275 1666 448 1709 reque,
471 1655 622 1708 atque
643 1664 754 1696 esse
777 1650 877 1696 iam
899 1654 1176 1709 coeperant
1194 1651 1409 1697 silentio
1430 1650 1639 1713 eruditi,
1661 1650 1744 1698 cui
1766 1655 1879 1697 erat

277 1732 465 1766 nomen
490 1717 763 1779 ἐχεμυθία,
785 1720 894 1763 tum
924 1721 1079 1765 verba
1100 1720 1269 1765 facere
1291 1722 1343 1763 et
1362 1731 1625 1779 quaerere,
1646 1731 1878 1775 quaeque

279 1786 544 1833 audissent
571 1784 819 1843 scribere,
851 1786 902 1829 et
929 1797 1058 1839 quae
1081 1785 1179 1843 ipsi
1209 1784 1549 1843 opinarentur
1574 1798 1879 1844 expromere

278 1856 508 1913 potestas-
527 1854 656 1900 erat.
725 1854 774 1897 6.
809 1850 877 1896 Hi
901 1850 1200 1898 dicebantur
1220 1851 1274 1898 in
1285 1865 1347 1897 eo
1367 1855 1595 1909 tempore
1612 1852 1879 1914 μαθημα-

274 1919 432 1966 τικηίε
464 1921 526 1965 ab
555 1917 621 1965 iis
642 1916 845 1964 scilicet
871 1917 1092 1974 artibus,
1113 1932 1237 1976 quas
1260 1918 1359 1963 iam
1384 1918 1579 1965 discere
1600 1922 1753 1976 atque
1772 1932 1879 1965 me-

277 1985 434 2033 ditari
453 1985 866 2043 inceptaverant;
890 1985 1133 2041 quoniam
1156 1985 1501 2031 Geometriam
1520 1988 1573 2032 et
1590 1985 1881 2033 Gnomoni-

275 2069 404 2113 cam,
424 2052 702 2111 Musicam,
731 2056 1027 2109 ceterasque
1049 2052 1171 2097 item
1201 2052 1505 2111 disciplinas
1530 2053 1745 2099 altiores
1774 2067 1881 2114 μα-

275 2114 494 2181 θήματα
517 2124 716 2165 veteres
741 2118 922 2165 Graeci
947 2119 1301 2177 appellabant:
1332 2120 1515 2178 vulgus
1536 2124 1725 2181 autem,
1748 2133 1878 2177 quos

273 2186 544 2246 gentilicio
567 2186 820 2232 vocabulo
844 2186 1131 2233 Chaldaeos
1154 2186 1322 2233 dicere
1344 2191 1573 2247 oportet,
1595 2188 1876 2233 mathema-

273 2255 406 2300 ticos
433 2254 572 2298 dicit.
609 2253 880 2299 7.Exinde
901 2253 980 2299 his
1001 2253 1252 2299 scientiae
1274 2254 1461 2299 studiis
1482 2254 1654 2302 ornati
1676 2255 1739 2299 ad
1762 2266 1880 2311 per-

274 2320 539 2379 spicienda
557 2318 734 2364 mundi
753 2333 910 2378 opera
929 2324 980 2367 et
1000 2320 1258 2379 principia
1278 2324 1490 2367 naturae
1504 2322 1875 2378 procedebant:

273 2402 332 2435 ac
355 2390 476 2433 tunc
499 2384 717 2442 denique
744 2387 1141 2433 nominabantur
1159 2388 1377 2449 φυσικοί.
1450 2390 1494 2432 8.
1530 2389 1671 2433 Haec
1700 2388 1877 2432 cadem

273 2467 425 2511 super
446 2452 737 2513 Pythagora
755 2460 934 2505 noster
953 2455 1154 2500 Taurus
1178 2469 1289 2499 cum
1320 2454 1565 2501 dixisset:
1605 2457 1754 2500 Nunc
1780 2467 1875 2499 au-

269 2526 396 2578 tem,
422 2520 613 2579 inquit,
636 2517 725 2564 isti
745 2520 834 2577 qui
861 2525 1071 2579 repente
1101 2522 1315 2579 pedibus
1347 2521 1515 2567 illotis
1544 2522 1608 2566 ad
1634 2521 1875 2575 philoso-

265 2588 412 2662 phos
422 2587 714 2645 devertunt,
753 2601 855 2633 non
893 2591 970 2633 est
1002 2588 1101 2634 hoc
1138 2588 1288 2645 satia,
1330 2589 1465 2646 quod
1504 2592 1621 2635 sunt
1658 2588 1871 2635 omniuo

266 2646 416 2698 ἆθεώ
407 2666 588 2712 Μρητοι
599 2646 835 2714 ἄμουσοι,
853 2647 1269 2717 ἆγεωμέτρητοιε
1282 2656 1549 2715 sedlegem
1562 2656 1869 2713 etiamdum,

267 2734 368 2778 qua
391 2718 748 2780 philosophari
770 2720 983 2767 discant.
1007 2721 1264 2772 Aliusait:
1289 2724 1472 2771 hocme
1493 2722 1707 2782 primum
1722 2724 1869 2769 doce.
