2134 3091
320 214 428 265 404
696 180 700 183 ι
822 218 1034 263 AULI
1106 216 1424 261 GELIA!

326 336 413 379 diu
445 336 565 393 post
595 334 685 379 Cn.
707 333 935 380 Marcius
966 332 1303 393 Coriolanus,
1342 330 1646 389 exagitatus
1674 334 1924 377 vexatus-

324 416 423 459 que
444 414 473 446 a
494 402 713 447 tribunis
735 400 889 459 plebi,
913 399 975 445 ad
992 400 1234 457 Volscos,
1269 398 1354 456 qui
1375 401 1478 444 tum
1503 398 1678 443 hostes
1700 404 1868 452 erant,
1897 410 1926 440 a

322 467 592 527 republica
614 466 847 525 descivit,
868 465 1160 522 bellumque
1180 466 1372 523 populo
1393 465 1622 510 Romano
1647 465 1787 510 fecit.
1851 466 1925 509 12.

322 536 451 583 Post
483 534 666 581 deinde
703 531 883 591 paucis
904 532 1055 577 affinis
1076 531 1282 577 Xerxes
1303 544 1400 577 rex
1423 532 1484 575 ab
1507 530 1926 586 Atheniensibus,

326 604 380 649 et
401 602 645 660 pleraque
670 598 909 656 Graecia,
949 597 1300 644 Themistocle
1322 598 1471 652 duce,
1508 596 1686 643 navali
1707 598 1930 655 proelio,

325 669 462 726 quod
500 667 565 713 ad
602 666 865 713 Salamina
905 665 1097 710 factum
1137 666 1239 724 est,
1282 663 1449 710 victus
1489 666 1796 722 fugatusque
1837 668 1930 709 est.

328 738 409 780 13.
447 735 614 790 Atque
634 732 754 778 inde
775 744 911 777 anno
936 732 1048 777 fere
1070 733 1281 788 quarto,
1312 730 1558 776 Menenio
1582 730 1829 789 Agrippa,
1859 732 1928 775 Μ.

324 800 547 845 Horatio
569 798 801 845 Pulvillo
823 798 1142 857 consulibus,
1163 796 1301 843 bello
1313 796 1552 851 Veiente,
1565 798 1696 855 apud
1722 796 1930 842 fluvium

326 868 646 920 Cremeram,
684 864 833 912 Fabii
865 877 958 910 sex
992 866 1046 909 et
1077 862 1294 909 trecenti
1329 863 1536 920 patricii
1568 876 1679 909 cum
1715 863 1931 909 familiis

327 933 453 991 suis,
491 931 725 981 universi
746 932 807 978 ab
826 930 1063 977 hostibus
1089 930 1452 989 circumventi,
1493 930 1776 988 perierunt.
1852 933 1929 975 14.

325 1001 483 1046 quta
512 1012 572 1045 ea
602 1003 835 1055 tempora
854 996 1198 1055 Empedocles
1226 996 1597 1055 Agrigentinus
1617 998 1672 1041 in
1694 995 1930 1054 philoso-

325 1066 480 1124 phiae
502 1065 756 1111 naturalis
777 1064 949 1110 studio
973 1064 1166 1109 floruit.
1229 1066 1303 1108 15.
1334 1065 1522 1109 Romae
1543 1067 1712 1109 autem
1732 1076 1824 1121 per
1845 1076 1930 1109 eas

325 1136 659 1190 tempestates
687 1131 1005 1179 decemviros
1034 1131 1240 1188 legibus
1269 1129 1560 1175 scribundis
1584 1133 1931 1176 creatos-con-

327 1198 485 1257 stitit3
526 1200 829 1255 tabulasque
858 1199 919 1243 ab
948 1197 1014 1241 iis
1037 1196 1202 1255 primo
1228 1195 1402 1241 decem
1425 1196 1768 1254 conscriptas,
1807 1208 1928 1243 mox

327 1266 461 1311 alias
485 1267 611 1312 duas
632 1265 853 1310 additas.
926 1266 1004 1309 16.
1044 1263 1244 1308 Bellum
1271 1262 1454 1309 deinde
1475 1263 1529 1307 in
1552 1266 1694 1309 terra
1715 1263 1930 1309 Graecia

323 1330 1134 1389 maximumPeloponnesiacum‚
1157 1329 1292 1387 quod
1312 1330 1638 1387 Thucydides
1653 1331 1928 1376 memoriae

323 1398 603 1451 mandavit,
630 1403 860 1455 coeptum
886 1400 981 1455 est,
1006 1398 1146 1442 circa
1164 1409 1352 1441 annium
1377 1397 1504 1450 fere,
1534 1400 1654 1454 post
1672 1397 1926 1443 conditam

323 1466 563 1521 Romam,
602 1464 1017 1515 trecentesimum
1059 1462 1358 1509 vicesimum
1396 1464 1624 1509 tertium.
1699 1465 1777 1510 17.
1816 1466 1928 1519 Qua

325 1534 628 1588 tempestate
670 1526 801 1576 Olus'
835 1531 1131 1576 Postumius
1171 1530 1427 1576 Tubertus
1473 1530 1698 1577 dictator
1737 1530 1926 1576 Romae

328 1597 451 1653 fuit,
490 1597 575 1653 qui
610 1597 771 1641 fllium
802 1609 974 1652 suum,
1016 1598 1152 1653 quod
1185 1601 1362 1642 eontra
1383 1609 1530 1643 suum
1552 1597 1739 1642 dictum
1763 1597 1816 1642 in
1837 1597 1927 1642 ho-

326 1667 455 1708 stem
496 1665 841 1720 pugnaverat,
882 1663 1050 1708 securi
1080 1664 1302 1710 necavit.
1373 1665 1566 1709 Hostes
1598 1666 1703 1708 tum
1738 1663 1924 1722 populo

323 1731 554 1774 Romano
588 1730 795 1774 fuerant
824 1728 1120 1774 Fidenates.
1201 1733 1271 1774 18.
1315 1732 1487 1788 itaque
1519 1730 1604 1787 qui
1636 1729 1773 1776 inter
1804 1731 1926 1776 haec

323 1801 559 1852 tempora
578 1794 782 1841 nobiles
804 1795 1132 1852 celebresque
1153 1799 1303 1842 erant
1317 1829 1329 1851 ‚
1359 1796 1672 1854 Sophocles,
1704 1810 1766 1843 ac
1785 1797 1925 1842 dein-

326 1863 389 1908 de
412 1862 703 1920 Euripides,
733 1862 916 1920 tragici
939 1865 1140 1920 poiitae,
1173 1865 1226 1907 et
1245 1862 1584 1920 Hippocrates
1605 1863 1849 1917 medicus,
1878 1867 1928 1909 ct

324 1929 650 1975 Democritus
680 1929 1047 1987 philosophus,
1093 1929 1276 1985 quibus
1315 1930 1556 1974 Socrates
1598 1929 1924 1976 Atheniensis

322 1999 449 2042 natu
482 1996 683 2054 quidem
714 1998 974 2054 posterior
1004 1998 1128 2052 fuit,
1169 1995 1258 2041 sed
1288 1996 1587 2053 quibusdam
1614 1996 1924 2055 temporibus

324 2063 507 2109 iisdem
540 2063 804 2108 vixerunt.
878 2066 958 2108 19.
996 2065 1102 2108 lam
1132 2062 1342 2116 deinde,
1372 2062 1596 2108 tribunis
1614 2063 1922 2110 militaribus

327 2129 591 2175 consulari
631 2129 848 2188 imperio
887 2128 1250 2186 rempublicam
1277 2130 1470 2174 Romae
1509 2131 1825 2191 regentibus,
1863 2130 1923 2174 ad

324 2209 517 2242 annum
548 2197 659 2242 fere
694 2197 935 2242 conditae
968 2197 1111 2242 urbis
1140 2196 1555 2242 trecentesimum
1595 2195 1924 2255 quadragesi-

322 2277 460 2308 mum
481 2263 765 2320 septimum,
778 2263 990 2320 triginta
1010 2263 1093 2307 illi
1115 2262 1321 2319 tyranni
1341 2263 1629 2321 praepositi
1649 2266 1770 2309 sunt
1787 2262 1924 2310 aLa-

326 2328 674 2375 cedaemoniis
694 2329 1122 2386 Atheniensibus3
1161 2332 1214 2374 et
1241 2329 1296 2374 in
1324 2329 1512 2375 Sicilia
1529 2329 1814 2388 Dionysius
1841 2343 1924 2376 su-

326 2395 505 2452 perior
523 2395 845 2452 tyrannidem
867 2396 1048 2450 tenuit,
1081 2395 1358 2453 paucisque
1379 2395 1530 2442 annis
1550 2403 1668 2454 post
1687 2399 1922 2442 Socrates

327 2461 539 2506 Athenis
562 2463 746 2518 capitis
769 2462 1034 2508 damnatus
1056 2464 1154 2516 est,
1174 2465 1226 2507 et
1245 2463 1298 2507 in
1321 2475 1527 2508 carcere
1553 2476 1752 2509 veneno
1776 2476 1920 2508 neca-

325 2532 427 2572 tus.
498 2533 577 2574 20.
614 2529 693 2573 Ea
713 2531 822 2575 fere
842 2532 1142 2587 tempestate
1161 2528 1350 2574 Romae
1369 2531 1440 2574 M.
1464 2529 1652 2576 Furius
1675 2529 1919 2575 Camillus

328 2594 550 2640 dictator
568 2595 685 2652 fuit,
708 2597 761 2640 et
782 2595 940 2640 Veios
962 2595 1113 2652 cepit.
1159 2596 1244 2640 21.
1268 2596 1339 2639 Ac
1361 2597 1478 2652 post
1495 2609 1600 2641 non
1619 2595 1777 2652 longo
1799 2600 1920 2641 tem-

327 2673 452 2716 pore
482 2661 667 2705 bellum
702 2662 1009 2707 Senonicum
1051 2661 1166 2706 fuit.
1237 2664 1317 2706 22.
1368 2663 1498 2708 Tum
1529 2662 1670 2707 Galli
1697 2663 1919 2716 Romam,

322 2730 529 2781 praeter
550 2727 883 2784 Capitolium,
906 2730 1155 2784 ceperunt
1244 2729 1325 2772 23.
1365 2729 1541 2784 Neque
1561 2729 1722 2774 multo
1746 2733 1921 2788 postea
