2134 3091
652 222 814 267 LIB-
856 222 1011 268 XIV.
1086 222 1264 267 CAP.
1310 224 1352 267 1.
1701 218 1800 269 317

202 340 327 395 tem,
348 336 537 397 inquit,
569 337 957 397 inconsequens,
979 339 1144 395 ipsum
1163 337 1366 394 quidem
1389 350 1570 395 corpus
1591 342 1642 384 et
1663 339 1804 385 habi-

206 410 316 452 tum
344 408 447 451 tam
473 405 716 463 profundi
744 405 879 451 aeris
908 406 997 451 sub
1029 405 1136 451 alio
1157 408 1308 463 atque
1329 403 1436 449 alio
1460 406 1596 449 coeli
1623 420 1802 451 curva-

198 472 339 519 mine
368 486 471 517 non
504 472 719 517 eundem
748 486 979 529 manere;
1018 472 1073 517 in
1094 470 1356 517 hominum
1383 473 1552 516 autem
1573 472 1800 529 negotiis

200 539 385 585 stellas
415 540 543 584 istas
570 538 773 596 opinari
802 538 937 584 idem
967 552 1170 597 semper
1199 536 1491 597 ostendere,
1531 537 1576 582 si
1611 550 1696 583 eas
1732 552 1798 586 ex

198 618 501 663 quacunque
522 609 659 650 terra
680 606 1035 663 conspexeris.
1096 608 1176 651 11.
1207 605 1483 651 Praeterea
1501 604 1798 664 mirabatur,

198 672 253 715 id
286 671 519 728 cuiquam
548 685 639 729 pro
670 675 912 729 percepto
947 673 1174 737 liquere²
1218 672 1402 718 stellas
1434 672 1585 728 istas,
1624 684 1749 729 quas
1771 686 1802 717 a

200 738 474 783 Chaldaeis
505 743 556 783 et
586 739 889 797 Babyloniis
922 740 1031 785 sive
1074 739 1346 797 Aegyptiis
1382 740 1680 785 observatas
1722 740 1798 784 fe-

196 809 341 861 runt,
384 802 539 865 (quas
569 806 719 850 multi
748 810 1037 863 erraticas,
1080 805 1322 863 Nigidius
1349 820 1564 851 orrunes
1592 801 1797 868 vocat3)

194 884 301 917 non
322 884 435 917 esse
458 872 639 929 pluris,
662 882 811 929 quam
833 874 989 932 vulgo
1012 872 1333 929 dicerentur3
1393 874 1468 917 12.
1491 886 1642 931 posse
1663 872 1800 919 enim

196 937 311 983 tieri
341 938 696 995 existimabat,
735 943 797 984 ut
825 942 877 985 et
908 939 1003 985 alii
1030 939 1237 997 quidam
1257 939 1496 997 planetae
1518 940 1629 997 pari
1650 942 1801 998 pote·

196 1007 329 1050 state
352 1008 539 1061 essent,
562 1007 675 1051 sine
698 1006 877 1062 quibus
898 1009 1040 1053 recta
1062 1008 1214 1065 atque
1237 1009 1484 1063 perpetua
1504 1006 1801 1052 observatio

196 1071 375 1129 perfici
412 1084 516 1116 non
555 1072 746 1129 quiret3
786 1086 950 1129 neque
992 1086 1086 1118 eos
1123 1076 1293 1118 tamen
1325 1086 1535 1118 cernere
1565 1074 1799 1119 homines

196 1142 437 1197 possent,
482 1142 695 1196 propter
714 1140 1132 1197 exsuperantiam
1153 1140 1235 1184 vel
1261 1139 1551 1196 splendoris
1572 1140 1658 1185 vel
1679 1140 1798 1185 alti-

196 1204 413 1249 tudinis.
489 1207 565 1251 13.
604 1206 734 1249 Nam
755 1208 807 1251 et
826 1206 1067 1263 quaedam
1085 1236 1099 1264 ,
1134 1205 1318 1263 inquit,
1349 1205 1519 1250 sidera
1542 1220 1570 1251 e
1592 1205 1800 1264 quibus-

198 1272 314 1317 dam
335 1270 489 1319 terris
511 1271 915 1331 conspiciuntur,
935 1286 1216 1330 earumque
1238 1275 1484 1318 terrarum
1511 1273 1800 1321 hominibus

195 1342 321 1385 nota
341 1341 485 1398 sunt;
524 1339 614 1386 sed
634 1339 810 1385 eadem
828 1339 942 1397 ipsa
962 1353 1031 1386 ex
1054 1339 1192 1385 omni
1214 1342 1353 1384 terra
1373 1338 1477 1383 alia
1496 1353 1600 1385 non
1620 1340 1799 1385 viden-

196 1411 305 1464 tur,
349 1409 401 1451 et
432 1409 553 1452 sunt
582 1406 700 1452 aliis
732 1406 942 1453 omnino
966 1406 1312 1465 ignotissima.
1389 1408 1462 1450 14.
1500 1408 1682 1467 Atque,
1721 1406 1798 1453 uti

196 1473 389 1523 demus.
416 1473 664 1532 inquit,et
687 1474 777 1519 has
798 1474 1149 1519 tantummodo
1173 1474 1374 1528 stellas,
1397 1476 1446 1517 et
1469 1487 1536 1519 ex
1559 1488 1658 1519 una
1676 1488 1796 1533 par·

193 1544 245 1586 te
268 1543 434 1586 terrae
456 1542 719 1588 observari
745 1542 1005 1600 debuisse3
1045 1555 1174 1599 quae
1197 1540 1394 1588 tandem
1418 1541 1530 1587 finis
1553 1545 1795 1590 observa-

191 1607 354 1653 tionis
374 1606 526 1655 istius
549 1609 666 1669 fuit,
700 1614 751 1654 et
772 1623 901 1666 quae
924 1613 1161 1668 tempora
1180 1611 1306 1654 satis
1328 1621 1440 1654 esse
1463 1611 1574 1655 visa
1593 1615 1713 1655 sunt
1733 1611 1794 1656 ad

190 1674 606 1732 percipiendum,
644 1677 765 1736 quid
806 1679 1245 1735 praemonstraret
1279 1679 1368 1722 aut
1405 1682 1581 1726 coetus
1612 1678 1793 1723 stella-

190 1755 322 1797 rum,
346 1745 433 1787 aut
454 1743 723 1801 circuitus,
761 1748 849 1789 aut
869 1744 1155 1790 transitus?
1235 1747 1308 1789 15.
1348 1745 1473 1790 Nam
1497 1745 1538 1790 si
1563 1744 1664 1790 isto
1683 1758 1796 1791 mo·

193 1809 258 1853 do
281 1812 466 1866 coepta
484 1809 589 1854 fieri
616 1811 911 1856 observatio
934 1815 1039 1868 est,
1069 1813 1128 1856 ut
1149 1810 1660 1869 animadverteretur,
1694 1825 1794 1868 quo

190 1873 386 1931 habitu,
417 1889 615 1932 quaque
636 1878 816 1938 forma,
844 1889 1041 1934 quaque
1063 1877 1296 1936 positura
1316 1878 1585 1923 stellarum
1605 1878 1792 1935 aliquis

189 1944 515 1988 nasceretur:
555 1945 664 1987 tum
682 1943 923 2000 deinceps
946 1947 1007 1988 ab
1030 1944 1244 1988 ineunte
1267 1943 1398 1996 vita,
1432 1945 1641 1988 fortuna
1663 1945 1792 2003 eius,

189 2007 243 2052 et
261 2019 431 2052 mores
446 2035 461 2061 ‚
490 2009 543 2054 et
566 2009 828 2066 ingenium
843 2043 855 2065 ,
887 2013 939 2054 et
960 2009 1347 2054 circumstantia
1365 2022 1534 2054 rerum
1556 2011 1797 2068 negotio-

188 2085 431 2131 rumque,
470 2079 521 2120 et
549 2075 613 2120 ad
646 2079 953 2132 postremum
986 2075 1101 2120 finis
1125 2075 1278 2120 etiam
1297 2075 1436 2121 vitae
1459 2079 1792 2133 spectaretur,

191 2153 351 2199 eaque
373 2141 568 2199 omnia,
607 2145 665 2187 ut
690 2155 785 2187 usu
812 2143 1085 2200 venerant,
1124 2141 1295 2186 literis
1314 2141 1692 2199 mandarentur,
1733 2157 1793 2189 ac

190 2211 379 2266 postea
404 2208 577 2267 longis
608 2208 954 2266 temporibus,
992 2219 1104 2252 cum
1123 2208 1266 2264 ipsae
1287 2207 1410 2252 iliae
1434 2208 1610 2254 eodem
1634 2207 1685 2253 in
1709 2210 1790 2256 lo-

192 2287 271 2333 ce,
302 2276 483 2321 eodem
502 2275 679 2321 habitu
700 2277 887 2330 forent,
918 2275 1096 2320 eadem
1117 2274 1302 2320 ceteris
1323 2288 1523 2331 quoque
1545 2278 1790 2321 eventura

192 2341 634 2403 existimarentur,
674 2343 761 2400 qui
802 2341 982 2388 eodem
1020 2342 1118 2387 iilo
1147 2345 1376 2398 tempore
1408 2342 1516 2387 nati
1547 2343 1790 2399 fuissent3

196 2411 275 2454 16.
316 2409 359 2453 si
385 2407 505 2463 isto,
540 2409 730 2468 inquit,
770 2409 921 2456 modo
944 2408 1210 2456 observari
1233 2411 1465 2466 coeptum
1487 2414 1591 2469 est,
1621 2421 1792 2467 exque

190 2489 253 2521 ea
274 2477 638 2522 observatione
660 2477 945 2534 composita
964 2477 1214 2534 quaedam
1237 2475 1512 2534 disciplina
1533 2478 1625 2532 est,
1643 2477 1790 2522 nullo

192 2543 245 2588 id
266 2546 413 2600 pacto
434 2547 604 2601 potest
623 2545 921 2602 procedere.
998 2545 1075 2589 17.
1113 2543 1305 2588 Dicant
1327 2543 1488 2602 enim,
1527 2547 1651 2601 quot
1677 2545 1791 2588 tan·

191 2610 303 2655 dem
330 2611 501 2669 annis,
545 2612 628 2657 vel
658 2611 833 2670 potius
854 2612 977 2669 quot
995 2610 1186 2656 seculis
1208 2609 1348 2656 orbis
1367 2609 1452 2655 hic
1473 2610 1792 2659 observatio-

190 2677 271 2722 nis
293 2679 465 2734 perfici
485 2678 725 2736 quiverit.
801 2681 879 2725 18.
919 2680 1164 2724 Constare
1194 2677 1381 2735 quippe
1411 2677 1546 2723 inter
1565 2677 1790 2724 astrolo-

190 2759 282 2806 gos
304 2745 535 2806 dicebat,
566 2747 748 2794 stellas
770 2746 919 2811 istas,
949 2759 1075 2806 quas
1097 2749 1360 2792 erraticas
1383 2745 1632 2804 dicerent,
1662 2759 1790 2804 quae
