2134 3091
330 224 431 274 370
838 224 1056 275 AULI
1127 224 1447 275 GELLII

331 350 363 394 1
362 362 459 405 pse
480 348 685 393 interea
706 344 898 393 milites
917 344 1168 401 serfbere,
1185 360 1286 393 non
1305 360 1448 393 nore
1467 346 1738 403 maiorum,
1770 358 1870 393 nee
1887 360 1954 393 es

328 414 600 473 elassibus,
620 414 715 459 sed
731 420 787 459 ne
806 412 981 459 lubido
1002 414 1252 473 em‘usque
1271 419 1411 473 erat,
1443 418 1804 473 capn‘teeensos
1833 414 1957 473 ple-

328 496 536 543 rosque.
606 480 889 543 Idfactum
919 479 1022 525 aus·
1036 481 1517 541 anapia-bonorum,
1549 481 1655 527 als's‘
1662 494 1767 539 per
1784 482 1954 526 ambi-

330 552 517 595 tionem
536 548 760 595 consulis
779 548 1156 605 memorabant,
1173 548 1314 609 quod
1327 548 1396 594 ab
1415 563 1475 594 eo
1493 562 1683 608 genere
1705 550 1950 595 celebra-

330 624 414 664 tus
456 622 740 675 auctusque
788 620 909 661 erat
934 628 953 659 .·
1011 619 1065 660 et
1099 614 1295 661 homins·
1331 618 1626 674 potentiam
1667 618 1954 676 quaerenti

328 686 685 745 egentissimus
702 684 917 743 quisque
934 682 1422 741 opportunissimus.

856 762 1234 815 CAPUT
1307 762 1413 813 xl.

385 828 611 883 Historia,
632 844 691 874 ex
708 828 939 873 Heu-odo&¹
955 829 1080 873 libris
1099 836 1268 881 sumta,
1290 832 1343 875 de
1359 830 1620 887 Psyllorum
1639 828 1852 882 interitu,
1875 833 1957 888 qm·

443 887 491 930 in
512 884 727 944 Syrtibus
744 884 984 943 Africanis
1004 886 1232 929 solebant.

401 950 449 994 l.
490 948 627 993 Gens
659 946 712 992 in
738 946 893 993 ltalia
912 948 1203 993 Marsorum
1234 947 1354 992 orta
1382 947 1550 993 fertur
1579 960 1692 993 esse
1714 960 1745 993 a
1768 948 1950 994 Circes

331 1016 441 1063 filio
479 1016 655 1061 Marso
680 1028 691 1061 :
764 1016 812 1059 2.
854 1017 1135 1073 propterea
1153 1012 1344 1059 Marsis
1373 1012 1682 1073 bominibus,
1730 1028 1951 1072 quorum

334 1085 600 1129 dumtaxat
633 1080 863 1128 familiae
895 1094 1007 1127 cum
1038 1079 1273 1127 externis
1302 1080 1698 1138 cognationibus
1719 1083 1950 1129 nondum

334 1151 489 1198 etiam
511 1148 802 1208 permixtae
822 1150 1197 1206 corruptaeque
1220 1150 1366 1206 sunt,
1407 1147 1460 1194 vi
1481 1147 1694 1206 quadam
1725 1150 1945 1209 genitali

334 1220 511 1265 datum
548 1219 655 1271 est,
692 1220 753 1262 ut
793 1218 845 1261 et
884 1216 1204 1273 serpentium
1241 1214 1624 1262 virulentorum
1663 1216 1945 1263 domitores

337 1286 468 1345 sint,
510 1286 562 1330 et
581 1282 1023 1330 incantationibus
1042 1282 1415 1339 herbarumque
1437 1282 1605 1327 succis
1627 1283 1821 1329 faciant
1840 1300 1948 1331 me-

336 1354 571 1401 delarum
592 1350 862 1398 miracula.
902 1352 946 1395 3.
968 1352 1082 1396 Hac
1101 1349 1280 1395 eadem
1300 1349 1355 1395 vi
1375 1350 1638 1407 praeditos
1659 1364 1773 1396 esse
1793 1364 1950 1408 quos-

337 1422 452 1467 dam
471 1418 731 1475 videmus,
775 1416 865 1475 qui
885 1416 1055 1475 Psylli
1077 1418 1355 1463 vocantur:
1396 1430 1613 1474 quorum
1634 1418 1843 1463 noniine
1865 1433 1950 1465 su-

334 1501 428 1548 per
462 1490 515 1531 et
547 1484 742 1545 ‘genere
781 1499 893 1531 cum
932 1482 989 1529 in
1029 1484 1289 1531 veteribus
1319 1482 1489 1530 literis
1520 1487 1854 1541 quaesissem,
1897 1487 1946 1532 iu

335 1557 520 1614 quarto
554 1553 775 1610 denique
808 1552 1058 1598 Herodoti
1088 1554 1222 1598 libro
1256 1552 1483 1598 fabulam
1510 1552 1642 1599 hanc
1671 1554 1734 1600 de
1756 1554 1947 1613 Psyllis

334 1620 644 1668 invenimus.
713 1621 761 1663 4.
800 1617 1009 1678 Psyllos
1038 1621 1295 1676 quondam
1323 1620 1486 1666 tuisse
1515 1618 1569 1665 in
1599 1623 1740 1668 terra
1770 1621 1944 1668 Africa

335 1687 686 1735 conterminos
722 1687 1129 1734 Nasamonibus:
1177 1689 1522 1748 Austrumque
1554 1686 1608 1733 in
1640 1689 1825 1735 fluibus
1858 1703 1948 1736 eo-

333 1770 449 1803 rum
478 1755 699 1813 quodam
728 1754 782 1800 in
810 1757 1043 1814 tempore
1075 1768 1319 1813 perquam
1349 1754 1580 1801 validum
1609 1768 1668 1802 ac
1690 1754 1944 1802 diutinum

336 1824 565 1870 flavisse:
588 1823 834 1868 5.eossatu
857 1835 1036 1879 aquam
1058 1835 1258 1868 omnem
1280 1822 1333 1867 in
1358 1822 1508 1880 locis,
1529 1821 1581 1867 in
1602 1824 1785 1880 quibus
1808 1824 1948 1870 cole-

334 1897 477 1950 bant,
498 1891 792 1938 exaruisse:
849 1893 895 1936 6.
918 1889 1127 1949 Psyllos
1148 1903 1206 1934 re
1227 1889 1442 1946 aquaria
1463 1890 1711 1948 deiectos,
1735 1907 1844 1940 eam
1868 1890 1946 1939 in·-

334 1961 522 2007 iuriam
543 1959 772 2019 graviter
790 1960 982 2004 Austro
1004 1957 1382 2015 succensuisse,
1404 1958 1765 2018 decretumque
1792 1959 1946 2007 fecis-

334 2043 417 2083 se,
461 2027 535 2074 uti
569 2027 726 2073 armis
761 2025 941 2072 sumtis
974 2025 1036 2072 ad
1059 2025 1322 2082 Austrum,
1361 2023 1578 2082 proinde
1601 2027 1748 2086 quasi
1773 2028 1838 2073 ad
1857 2027 1945 2072 ho-

336 2099 482 2154 stem,
504 2095 620 2140 iure
640 2094 763 2140 belli
786 2106 871 2138 res
891 2092 1172 2150 repetitum
1195 2091 1671 2151 proficiscerentur:
1719 2096 1768 2140 Ἰ.
1793 2099 1944 2152 atque

335 2164 411 2208 ita
434 2163 684 2223 profectis
706 2165 909 2206 ventum
929 2163 1172 2206 Austrum
1194 2173 1380 2218 magno
1403 2161 1615 2219 spiritus
1637 2162 1838 2220 agmine
1857 2175 1944 2207 ve-

334 2231 476 2276 nisse
500 2230 725 2283 obviam3
760 2241 951 2286 eosque
969 2227 1265 2287 universos,
1284 2241 1398 2276 cum
1419 2227 1655 2275 omnibus
1677 2229 1842 2288 copiis
1863 2242 1943 2274 ar-

338 2298 561 2356 misque,
626 2293 842 2342 tumulis
879 2294 1244 2351 montibusque
1277 2291 1582 2340 harenarum
1623 2295 1941 2356 superiectis,

340 2361 638 2424 operuisse:
678 2367 725 2408 8.
740 2376 801 2408 eo
825 2363 962 2409 facto
985 2362 1192 2420 Psyllos
1215 2359 1278 2407 ad
1299 2375 1460 2407 unum
1480 2377 1658 2410 omnes
1679 2361 1942 2411 interisse:

339 2427 513 2490 itaque
534 2444 711 2479 eorum
734 2430 860 2476 fines
884 2444 914 2476 a
936 2429 1316 2476 Nasamonibus
1342 2434 1636 2488 occupatos.

842 2528 1214 2580 CAPUT
1287 2526 1427 2578 ΧΠ.

396 2601 463 2643 De
480 2599 535 2641 s‘t's
554 2597 803 2647 vocabulis,
831 2610 945 2654 qnae
968 2594 1175 2638 Cloatius
1203 2595 1342 2638 Verus
1361 2602 1444 2639 aut
1459 2597 1577 2640 satis
1595 2603 1843 2651 commode,
1864 2608 1944 2644 met

447 2655 582 2720 (niquis
609 2653 805 2696 absurde
820 2658 866 2696 et
884 2651 1069 2708 illepide
1088 2655 1154 2696 ud
1169 2651 1370 2706 origines
1395 2653 1584 2708 linguae
1618 2653 1825 2700 Graecae
1844 2661 1938 2701 red·

407 2716 726 2834 lfggioatius
745 2768 913 2813 Verus
934 2766 988 2814 in
1012 2766 1188 2830 libris,
1228 2781 1356 2825 quos
1376 2768 1646 2830 inscripsit
1666 2771 1943 2822 Verborum
