2134 3091
248 198 407 248 '282
800 198 1017 243 AU11
1087 196 1406 243 GELLll

299 318 406 381 lia,
445 318 595 373 etque
624 314 678 360 in
712 314 968 373 principio
992 317 1112 360 suut
1137 314 1318 371 uvids3
1359 328 1463 361 non
1481 316 1681 360 matura
1698 325 1819 359 mox
1848 310 1875 357 fl

297 389 416 442 unt,
456 383 547 429 sed
574 382 757 441 putria.
830 384 877 426 6.
915 382 1332 439 Relinquendum
1363 382 1520 440 igitur
1551 381 1714 427 visum
1740 382 1820 425 est
1847 378 1904 425 in

297 449 529 511 ingenio,
550 449 686 507 quod
705 448 815 495 dies
836 452 990 505 atque
1007 451 1151 495 aetas
1169 448 1414 495 mitificet

820 546 1190 597 CAPUT
1259 546 1372 597 111.

350 612 427 657 An
444 616 670 657 vocabula
690 612 825 655 haec.-
864 612 1224 656 necessitudo
1263 620 1308 657 et
1335 611 1651 656 necessitas
1681 603 1895 667 dfferen·

412 668 452 711 ti
466 668 811 723 significatione
827 666 929 710 sint.

366 732 412 775 l.
438 729 559 773 Risu
581 741 794 785 prorsus
816 731 966 785 atque
986 728 1108 777 ludo
1129 742 1215 774 res
1237 726 1394 787 «ligna
1411 730 1504 787 est,
1527 740 1637 773 cum
1659 725 1898 783 plerique

296 795 747 855 grammaticorum
767 798 1081 855 asseverant,
1103 796 1521 841 necessitudinem
1543 796 1596 839 et
1614 798 1898 840 necessita-

297 870 397 908 tem
424 864 625 907 mutare
654 860 811 919 longe
846 862 1180 919 differreque,
1220 861 1339 908 ideo
1373 861 1506 919 quod
1523 862 1802 908 necessitas
1826 858 1898 904 sit

298 930 376 975 vis
406 928 673 991 quaepiam
702 942 938 986 premens
960 932 1010 975 et
1034 938 1250 987 cogens.
1289 930 1602 975 necessitudo
1625 929 1796 973 autem
1816 924 1890 970 di-

294 1000 441 1043 cutur
456 995 541 1041 ius
562 996 813 1052 quoddam
834 1000 886 1041 et
908 996 1167 1042 vinculum
1188 994 1470 1053 religiosae
1489 986 1884 1045 coniunctionis:

294 1063 447 1121 idque
468 1076 625 1109 unum
650 1062 945 1108 solitarium
970 1062 1239 1121 significet.
1308 1063 1356 1107 2.
1395 1062 1538 1109 Sicut
1565 1063 1735 1111 autem
1762 1058 1898 1105 nihil

292 1130 563 1189 quidquam
588 1130 822 1186 interest,
850 1130 1120 1175 suavitudo
1142 1128 1282 1174 dicas
1303 1142 1366 1174 an
1386 1131 1628 1177 suavitas
1643 1164 1656 1189 ‚
1697 1128 1899 1175 sancti·-

294 1198 413 1244 tudo
437 1210 502 1242 an
520 1201 799 1252 sanctitas,
821 1197 1120 1243 acerbitudo
1143 1210 1206 1242 an
1227 1198 1508 1256 acerbitas,
1531 1196 1790 1247 acritudo,
1807 1206 1893 1251 an,

294 1265 431 1323 quod
462 1264 634 1310 Attius
667 1265 721 1310 in
740 1264 1088 1323 Neoptolemo
1121 1263 1355 1323 scripsit,
1395 1266 1629 1310 acritas:
1670 1262 1744 1308 ita
1763 1260 1895 1307 nihil

294 1330 512 1378 rationis
530 1332 637 1378 dici
660 1333 849 1390 potest,
880 1332 1005 1389 quin
1024 1331 1344 1378 necessitudo
1367 1333 1420 1376 et
1437 1333 1719 1377 necessitas
1742 1341 1896 1387 sepa-

294 1405 492 1445 rentur.
565 1402 611 1445 3.
648 1402 824 1457 ltaque
844 1399 910 1444 iu
944 1398 1094 1455 libris
1123 1400 1352 1443 veterum
1375 1399 1535 1456 vulgo
1556 1396 1786 1455 reperias
1805 1410 1896 1442 ne·-

294 1467 648 1511 cessitudinem
677 1466 806 1519 dici,
840 1479 934 1523 pro
967 1478 1061 1523 eo,
1097 1464 1234 1522 quod
1252 1477 1516 1511 necessum
1539 1468 1634 1510 est.
1705 1464 1754 1510 4.
1795 1462 1898 1509 Sed

296 1536 576 1579 necessitas
606 1547 729 1578 sane
749 1544 843 1590 pro
866 1532 980 1579 iure
1003 1531 1276 1590 officioque
1297 1532 1660 1579 observantiae
1680 1529 1899 1578 affinita-

296 1601 463 1656 tisque
493 1599 793 1656 infrequens
824 1605 925 1645 est:
964 1613 1278 1658 quanquam,
1321 1599 1407 1656 qui
1427 1601 1490 1646 ob
1510 1599 1608 1646 hoc
1629 1600 1792 1658 ipsum
1815 1598 1895 1643 ius

296 1663 561 1712 affinitatis
585 1665 1023 1712 samium-natisve
1046 1665 1482 1722 coniunctium,
1513 1665 1804 1712 necesarii
1817 1665 1898 1710 di-

296 1736 499 1778 cuutur.
574 1735 619 1778 5.
656 1732 845 1790 Reperi
876 1736 1045 1778 tamen
1079 1733 1135 1779 in
1157 1734 1396 1780 oratione
1419 1735 1473 1778 C.
1495 1733 1758 1789 Caesaris,
1798 1745 1900 1788 qua

296 1799 550 1846 Plautiam
570 1798 891 1857 rogationem
914 1799 1094 1859 suasit,
1116 1804 1468 1847 necessitatem
1490 1800 1674 1846 dictam
1694 1813 1787 1858 pro
1807 1813 1899 1844 ne-

294 1867 600 1913 cessitudine
617 1897 633 1920 ,
672 1865 724 1908 id
763 1869 845 1910 est
880 1865 994 1912 iure
1031 1865 1310 1914 affinitatis.
1382 1869 1550 1914 Verba
1585 1867 1712 1913 haec
1753 1871 1898 1912 sunt:

294 1933 544 1993 Equidem
564 1932 692 1977 mihi
710 1934 887 1978 videor
911 1949 1013 1993 pro
1044 1941 1230 1981 nostra
1248 1936 1558 1982 necessitate
1577 1949 1678 1980 non
1696 1935 1898 1992 labore,

294 2015 397 2047 non
418 2015 611 2060 opera,
642 2013 743 2043 mm
759 2003 1017 2045 industria
1039 2001 1282 2063 defuisse.
1352 2004 1401 2056 6.
1435 2001 1554 2047 ‘Hoc
1582 2014 1677 2060 ego
1711 1999 1897 2058 scripsi

297 2067 359 2112 de
382 2066 644 2122 utriusque
665 2067 902 2112 vocabuli
925 2067 1289 2126 indifferentia,
1312 2067 1600 2114 admonitus
1623 2069 1757 2114 forte
1777 2081 1896 2112 ver-

296 2134 347 2180 bi
388 2133 565 2190 istius,
606 2147 720 2178 cum
759 2133 983 2191 legerem
1016 2135 1308 2194 Sempronii
1345 2134 1660 2193 Asellionis,
1701 2134 1896 2182 veteris

296 2200 582 2258 scriptoris,
604 2202 835 2258 quartum
856 2214 921 2246 ex
945 2200 1165 2248 historia
1188 2202 1391 2259 librum,
1413 2201 1466 2246 in
1487 2215 1586 2258 quo
1610 2201 1670 2246 de
1683 2201 1738 2246 P.
1753 2201 1896 2246 Afri-

295 2280 443 2323 cano,
465 2267 613 2311 Pauli
636 2267 761 2323 lilio,
786 2267 861 2313 ita
882 2268 1127 2325 scriptum
1151 2273 1252 2314 est:
1296 2269 1430 2314 Nam
1450 2282 1502 2313 se
1519 2275 1728 2326 patrem
1748 2281 1896 2313 suum

294 2334 501 2380 audisse
522 2334 690 2379 ‹lice-re
712 2335 767 2379 L.
793 2335 1057 2380 Aemilium
1080 2335 1296 2380 Paulum
1307 2367 1326 2390 ,
1363 2337 1513 2382 nimis
1533 2337 1712 2380 bonnm
1731 2336 1895 2392 impe-

294 2407 551 2460 ratorem,
584 2403 739 2460 signis
758 2403 969 2448 collatis
990 2417 1090 2447 non
1110 2403 1386 2447 decertare
1399 2433 1414 2457 ‚
1435 2403 1558 2462 nisi
1583 2415 1780 2448 summa
1800 2415 1894 2446 ne·-

291 2467 542 2514 cessitudo
565 2475 659 2514 aut
680 2481 876 2515 summa
895 2472 948 2514 ei
965 2472 1170 2516 occasio
1193 2471 1330 2516 duta
1349 2475 1500 2516 esset.
1564 2481 1569 2486 ’

822 2561 1198 2612 CAPU'l
1268 2562 1372 2614 lv.

351 2623 653 2722 Οἶῃηψίαιῖἰε,
686 2627 947 2670 Alexandri
971 2627 1157 2680 matris,
1189 2629 1329 2674 comis
1355 2643 1413 2670 ac
1434 2631 1634 2684 prudeus
1665 2626 1904 2686 adfilium

403 2695 573 2735 rescnp
600 2695 654 2723 ιο.

370 2741 510 2788 1.1n
541 2741 804 2800 plerisque
832 2741 1180 2790 monumentis
1207 2757 1378 2790 rerum
1399 2745 1460 2790 ab
1481 2742 1780 2789 Alexandro
1810 2757 1902 2803 ge·
