2134 3091
608 224 767 269 1218.
814 224 1040 269 xvul.
1115 224 1292 270 CAP.
1333 226 1380 271 2.
1695 224 1800 275 4⁰9

194 355 317 387 cere
339 338 611 386 absurdum
634 344 741 394 est,
770 353 872 386 uno
894 338 1082 397 congio
1105 340 1222 386 solo
1243 339 1354 385 tieri
1369 342 1680 401 amphoram,
1708 344 1798 391 iti-

190 411 309 454 dem
328 405 602 452 absurdum
622 410 717 462 est,
728 420 830 452 una
848 407 964 452 sola
986 406 1178 451 virtute
1199 406 1356 452 vitam
1378 406 1488 452 fieri
1506 410 1704 455 beatam
1719 411 1796 456 di-

191 486 339 520 cere:
380 472 647 529 quoniam,
685 487 799 519 cum
828 474 993 519 virtus
1020 476 1192 527 abest,
1233 475 1384 519 beata
1401 487 1514 519 esse
1537 475 1644 521 vita
1663 490 1795 523 nun-

188 554 341 599 quam
363 541 550 597 potest.
625 541 703 585 12.
742 540 871 585 Tum
899 540 1190 586 Favorinus
1217 539 1508 597 respiciens
1527 541 1796 599 Peripate-

187 608 377 653 ticum:
413 606 509 651 Est
528 605 751 663 quidem,
784 605 973 665 inquit,
1001 606 1266 665 argutiola
1285 607 1432 662 hoec,
1463 621 1562 665 qua
1585 608 1650 655 de
1671 623 1793 656 con-

187 674 276 732 gio
297 672 409 718 vini
429 685 551 719 usus
574 685 646 729 es,
678 673 922 731 exposita
942 673 998 719 in
1018 672 1198 721 libris:
1238 674 1353 734 sed,
1383 677 1442 720 ut
1461 674 1562 722 scis
1577 704 1592 729 ‚
1622 676 1792 733 captio

186 739 354 798 magis
378 739 578 799 lepida,
616 754 767 799 quam
794 742 1007 797 probum
1034 741 1127 785 aut
1145 739 1317 787 simile
1341 744 1693 799 argumentum
1717 744 1794 788 vi-

188 807 301 861 deri
326 807 494 853 debet.
552 809 630 854 13.
656 806 881 865 Congius
900 806 1055 865 enim,
1079 818 1190 853 cum
1212 806 1373 864 deest,
1395 808 1550 855 efficit
1569 810 1791 870 quidem,

187 888 251 920 ne
274 873 345 919 sit
374 873 539 919 iustae
558 886 829 920 mensurae
848 874 1123 931 ampliora:
1161 872 1252 919 sed
1279 888 1391 920 cum
1411 877 1612 923 accedit
1632 880 1684 923 et
1703 878 1792 923 ad-

188 942 361 995 ditur,
394 953 501 986 non
522 939 619 987 ille
637 953 770 986 unus
792 940 921 985 facit
938 939 1258 999 amphoram,
1296 941 1389 987 scd
1411 944 1636 1000 supplet.
1709 947 1788 995 14.

188 1008 369 1053 Virtus
391 1009 577 1061 autem,
598 1010 657 1052 ut
674 1006 765 1052 isti
785 1006 978 1061 dicunt,
992 1018 1102 1052 non
1123 1007 1373 1064 accessio,
1393 1021 1560 1067 neque
1580 1011 1790 1068 supple·

188 1076 441 1132 mentum,
482 1073 574 1118 secl
602 1073 717 1119 sola
746 1072 861 1130 ipsa
885 1072 1027 1119 vitae
1054 1075 1236 1119 beatae
1263 1074 1428 1121 instar
1455 1080 1558 1121 est:
1599 1081 1652 1121 et
1674 1091 1792 1136 pro-

190 1146 372 1199 pterea
402 1139 563 1185 vitam
593 1141 795 1186 beatam
827 1139 941 1197 ipsa
970 1138 1086 1186 sola
1113 1152 1247 1198 una,
1289 1154 1400 1187 cum
1431 1142 1602 1202 adeat,
1649 1143 1790 1190 facit.

197 1210 274 1253 15.
312 1207 453 1252 Haec
483 1208 636 1263 atque
666 1206 772 1252 alia
790 1206 1065 1267 quaedam,
1106 1206 1306 1253 minuta
1322 1208 1486 1266 magis
1505 1211 1558 1255 et
1575 1209 1792 1267 nodosa,

190 1278 432 1329 tanquam
461 1273 598 1330 apud
635 1272 888 1318 arbitrum
917 1273 1266 1328 Favorinum,
1303 1272 1537 1321 insuam
1578 1279 1718 1334 uterq
1729 1291 1793 1323 ue

175 1338 499 1398 ,sententiam
538 1341 889 1385 conferebant.
959 1342 1038 1387 16.
1075 1340 1178 1388 Sed
1215 1352 1330 1385 cum
1366 1340 1468 1387 iam
1499 1342 1664 1400 prima
1699 1344 1793 1390 fax

188 1406 379 1463 noctis,
415 1411 467 1451 et
487 1406 759 1453 densiores
780 1419 895 1453 esse
917 1408 1164 1453 tenebrae
1185 1406 1498 1467 coepissent,
1527 1410 1790 1467 prosecuti

188 1474 503 1521 Favorinum
521 1473 575 1519 in
597 1474 818 1535 domum,
841 1473 895 1519 in
916 1488 1067 1532 quam
1087 1474 1406 1536 devertebat,
1435 1475 1790 1523 discessimus.

726 1608 1103 1659 CAPUT
1173 1611 1251 1662 11.

243 1691 502 1736 Cuiusmodi
535 1690 849 1752 quaestionum
894 1692 1218 1737 certationibus
1254 1691 1574 1738 saturnalicia
1611 1694 1788 1738 tneaettcro

294 1747 487 1792 Athenis
508 1748 693 1803 agitare
708 1745 839 1790 soliti
854 1761 1001 1790 stemus
1012 1766 1026 1789 .-
1055 1756 1191 1806 atquc
1207 1749 1324 1794 t'm’bt‘
1339 1751 1543 1806 inspersa
1561 1754 1785 1808 quaedam

295 1803 585 1858 sophismata
604 1809 650 1847 ct
668 1801 940 1856 aenigmata
958 1805 1278 1848 oblectatort'a.

254 1881 301 1924 1.
339 1879 638 1925 Saturnalia
670 1879 889 1925 Athenis
916 1879 1234 1937 agitabamus
1260 1880 1428 1927 hilare
1460 1893 1692 1938 prorsum
1725 1895 1785 1926 ac

183 1946 436 2002 modeste,
458 1959 582 2003 non,
612 1947 670 1990 ut
690 1944 896 1999 dicitur,
923 1945 1249 1990 remittentes
1269 1947 1511 2002 animum,
1534 1942 1674 2007 (naun
1699 1961 1784 1992 re-

181 2012 405 2066 mittere,
432 2011 605 2069 inquit
621 2009 920 2063 Musonius,
948 2010 1189 2066 animum,
1223 2013 1368 2070 quasi
1387 2013 1622 2058 amittere
1643 2019 1720 2057 est
1735 2011 1781 2072 ‚)

185 2079 272 2124 sed
310 2077 655 2124 demulcentes
696 2090 811 2124 eum
845 2077 1051 2134 paulum
1088 2080 1241 2132 atque
1276 2078 1516 2124 laxantes
1546 2078 1782 2124 iucundis

184 2144 521 2201 honestisque
543 2155 837 2190 sermonum
853 2141 1283 2190 illectationibus.
1348 2147 1397 2190 2.
1427 2144 1785 2191 Convenieba-

184 2226 297 2259 mus
318 2214 490 2257 autem
510 2211 575 2256 ad
594 2210 806 2256 eandem
828 2221 1035 2255 coenam
1060 2210 1395 2268 complusculi
1416 2242 1430 2264 ‚
1461 2210 1545 2267 qui
1567 2211 1785 2259 Romani

185 2281 239 2325 in
260 2278 530 2324 Graeciam
552 2289 875 2332 veneramus,
900 2277 1088 2333 quique
1110 2277 1312 2323 easdem
1332 2276 1644 2334 auditiones,
1664 2292 1783 2324 eos-

188 2347 400 2403 demque
430 2345 666 2391 doctores
696 2344 1005 2389 colebamus.
1079 2346 1126 2389 3.
1167 2345 1296 2390 Tum
1324 2345 1412 2401 qui
1439 2350 1490 2390 et
1513 2345 1784 2406 coenulam

188 2411 367 2462 ordine
388 2424 481 2458 suo
504 2413 729 2465 curabat,
742 2411 1025 2468 praemium
1044 2411 1329 2457 solvendae
1349 2411 1670 2468 quaestionis
1693 2426 1784 2469 po·

184 2480 337 2526 nebat
374 2478 561 2524 librum
596 2477 786 2524 veteris
818 2479 1092 2533 scriptoris
1125 2477 1208 2523 vel
1239 2478 1488 2524 Graecum
1527 2478 1610 2524 vel
1639 2478 1783 2525 Lati-

184 2559 320 2605 num,
342 2548 394 2590 et
414 2558 659 2592 coronam
678 2558 707 2590 c
726 2546 875 2591 lauro
899 2544 1138 2602 plexamz
1175 2545 1495 2601 totidemque
1515 2558 1600 2592 res
1621 2559 1786 2602 quae-

184 2614 352 2670 rebat,
395 2616 520 2670 quot
551 2611 785 2657 homines
815 2611 933 2658 istic
964 2623 1190 2657 eramus:
1229 2625 1442 2669 cumque
1481 2625 1569 2658 eas
1605 2625 1784 2659 omnes

185 2681 513 2737 exposuerat,
533 2693 637 2726 rem
661 2678 929 2736 locumque
952 2677 1160 2724 dicendi
1181 2691 1297 2724 sors
1317 2678 1484 2724 dabat.
1537 2681 1587 2724 4.
1611 2679 1785 2732 Quae-

187 2747 285 2794 stio
310 2745 471 2806 igitur
493 2748 666 2794 soluta
688 2759 878 2792 corona
899 2748 949 2792 et
971 2747 1201 2804 praemio
1224 2745 1530 2807 donabatur3
1567 2759 1674 2794 non
1698 2759 1784 2792 so-
