2134 3091
310 181 412 233 246
809 183 1028 229 AULI
1100 182 1414 229 GELLH

308 317 395 349 sus
429 300 696 347 hominum
722 300 959 357 movent,
996 300 1099 343 τῶν
1117 293 1247 361 πρός
1266 314 1319 344 τι
1344 312 1459 345 esse
1482 298 1681 348 dicunt:
1719 299 1773 347 id
1796 310 1903 349 ver
1922 334 1935 342 -

306 373 426 417 bum
447 366 730 426 significat,
768 365 900 411 nihil
929 378 1042 411 esse
1070 365 1367 423 quidquam,
1402 367 1534 423 quod
1563 380 1630 416 ex
1656 378 1772 414 sese
1792 382 1933 415 con-

309 440 425 493 stet,
467 449 564 481 nec
602 432 738 491 quod
771 432 960 478 habeat
998 432 1102 478 vim
1140 432 1403 490 propriam
1440 435 1493 477 et
1532 436 1781 495 naturam,
1824 436 1931 483 sed

313 501 486 549 omnia
514 512 748 559 prorsum
777 499 843 545 ad
863 498 1060 555 aliquid
1082 498 1301 545 referri:
1340 499 1569 556 taliaque
1594 500 1761 546 videri
1781 514 1930 560 esse,

312 568 481 627 qualis
501 568 571 613 sit
591 580 766 611 eorum
791 566 990 623 species
1004 597 1018 622 ,
1049 565 1165 609 dum
1188 565 1453 623 videntur,
1484 566 1759 626 qualiaque
1781 568 1931 627 apud

313 648 498 683 sensus
529 636 768 691 nostros,
804 644 904 689 quo
933 634 1307 691 pervenerunt,
1350 636 1615 691 creantur3
1656 647 1764 681 non
1782 636 1930 693 apud

312 715 447 762 sese,
469 702 604 747 unde
627 700 858 757 profecta
879 700 1014 745 sunt.
1086 704 1137 745 8.
1176 700 1301 744 Cum
1328 698 1454 745 haec
1482 702 1654 746 autem
1672 702 1929 748 consimi-

310 769 436 814 liter
455 770 556 813 tam
582 765 858 824 Pyrrhonii
881 766 1071 821 dicant,
1095 778 1243 823 quam
1264 765 1575 825 Academici,
1606 766 1815 815 differre
1842 772 1927 815 ta-

310 848 432 880 men
463 835 600 879 inter
628 846 743 879 sese
771 834 824 879 et
841 836 1052 890 propter
1072 831 1179 877 alia
1197 834 1471 891 quaedam,
1515 836 1568 879 et
1584 834 1672 879 vel
1691 833 1925 882 maxime

309 903 587 960 propterea
607 897 892 945 existimati
916 902 1054 960 sunt,
1066 899 1205 955 quod
1219 898 1513 945 Academici
1530 900 1735 957 quidem
1750 901 1926 959 ipsum

307 967 462 1027 illud,
486 966 614 1012 nihil
635 979 790 1025 posse
811 965 1191 1024 comprehendi,
1208 966 1353 1023 quasi
1378 967 1833 1027 comprehendunt,
1848 972 1923 1023 et,

307 1033 444 1079 nihil
463 1046 618 1091 posse
649 1033 886 1087 decerni,
924 1032 1074 1089 quasi
1106 1033 1418 1082 decernunt:
1460 1033 1737 1092 Pyrrhonii
1764 1048 1832 1082 ne
1864 1035 1923 1082 id

309 1100 513 1158 quidem
539 1100 654 1145 ullo
687 1103 838 1160 pacto
869 1099 1036 1146 videri
1067 1112 1247 1146 verum
1266 1100 1465 1162 dicunt,
1492 1101 1633 1159 quod
1648 1101 1782 1148 nihil
1802 1114 1922 1149 esse

305 1180 486 1214 verum
504 1166 728 1215 videtur.

839 1231 884 1283 C
918 1232 964 1282 Α
998 1229 1043 1282 Ρ
1080 1230 1130 1281 U
1167 1230 1217 1279 T
1288 1231 1341 1282 V
1354 1230 1397 1281 1.

367 1298 500 1347 Quod
513 1296 719 1343 nudiem
727 1298 906 1341 Romae
917 1312 1008 1355 per
1015 1298 1256 1341 Heraeum
1272 1310 1365 1339 non
1385 1296 1653 1348 iecravoen‘nt,
1672 1310 1809 1355 noque
1826 1297 1922 1343 οὶῆ

412 1368 502 1410 per
523 1352 754 1397 Castorem

379 1417 425 1461 1.
460 1418 521 1461 In
551 1414 817 1461 veteribus
847 1412 1059 1472 scriptis
1085 1425 1251 1470 neque
1276 1410 1519 1459 mulieres
1542 1413 1801 1459 Romanae
1824 1426 1917 1472 per

307 1482 592 1528 Herculem
626 1481 888 1535 deierant,
925 1494 1093 1539 neque
1122 1478 1226 1525 viri
1256 1492 1348 1536 per
1376 1480 1658 1525 Castorem.
1727 1480 1776 1525 2.
1814 1480 1916 1527 Sed

311 1562 405 1595 cur
433 1549 558 1593 illae
587 1561 690 1593 non
725 1547 1014 1594 iuraverint
1042 1544 1347 1606 Herculem,
1385 1548 1660 1593 obscurum
1687 1560 1793 1593 non
1813 1550 1915 1594 est:

309 1629 431 1662 nam
450 1614 747 1661 Herculano
771 1614 1022 1660 sacrificio
1052 1613 1328 1659 abstinent.
1401 1615 1445 1658 3.
1486 1615 1588 1660 Cur
1618 1616 1787 1660 autem
1816 1613 1916 1660 viri

313 1683 582 1728 Castorem
612 1678 846 1727 iurantes
873 1694 980 1727 non
1011 1679 1413 1738 appellaverint,
1446 1694 1551 1727 non
1584 1681 1741 1728 facile
1772 1681 1915 1728 dictu

312 1751 409 1794 est.
481 1749 744 1806 Nusquam
781 1747 942 1806 igitur
975 1747 1224 1808 scriptum
1252 1747 1491 1794 invenire
1523 1750 1603 1794 est
1629 1747 1765 1808 apud
1801 1747 1915 1794 ido-

311 1828 444 1862 neos
470 1815 679 1874 quidem
709 1814 1012 1877 scriptores,
1051 1816 1144 1859 aut
1171 1815 1423 1861 mehercle
1458 1814 1699 1862 feminam
1730 1814 1913 1874 dicere,

312 1885 403 1930 aut
428 1890 690 1930 mecastor
725 1880 910 1926 virum.
981 1884 1028 1926 4.
1069 1878 1299 1940 Aedepol
1332 1885 1529 1937 autem,
1574 1881 1712 1939 quod
1751 1881 1915 1928 iusiu-

308 1949 524 1997 randum
553 1962 645 2008 per
662 1946 929 1993 Pollucem
957 1949 1061 2006 est,
1103 1950 1153 1992 et
1182 1949 1295 1994 viro
1330 1951 1380 1993 et
1410 1948 1631 1995 feminae
1653 1962 1917 1997 commune

312 2019 410 2064 est.
477 2019 524 2062 5.
557 2015 660 2062 Sed
679 2013 922 2060 M.Varro
944 2017 1229 2073 asseverat,
1251 2014 1639 2073 antiquissimos
1660 2015 1803 2063 viros
1822 2029 1915 2062 nc-

311 2097 410 2140 que
443 2095 532 2140 per
557 2084 822 2127 Castorem
851 2093 1012 2138 neque
1043 2094 1136 2138 per
1158 2079 1424 2128 Pollucem
1446 2083 1678 2130 deierare
1699 2082 1913 2142 solitos;

313 2150 406 2196 sed
427 2149 481 2194 id
502 2147 860 2195 iusiurandum
892 2147 1054 2193 fuisse
1087 2149 1287 2194 tantum
1318 2150 1625 2197 feminarum
1656 2163 1725 2197 ex
1743 2149 1911 2199 [uitiis

310 2214 607 2262 Eleusiniis
625 2215 905 2271 acceptum.
977 2217 1024 2258 6.
1061 2214 1314 2260 Paulatim
1335 2219 1523 2276 tamen,
1554 2211 1764 2264 inscitia
1782 2216 1911 2264 anti-

313 2282 548 2342 quitatis,
569 2282 713 2327 viros
734 2279 903 2326 dicere
925 2281 1149 2340 aedepol
1177 2283 1441 2342 coepisse3
1486 2285 1773 2340 factumque
1802 2297 1909 2331 esse

313 2347 392 2395 ita
419 2348 627 2395 dicendi
651 2361 867 2394 morem:
909 2349 998 2394 sed
1029 2355 1287 2395 mecastor
1312 2363 1342 2394 a
1373 2350 1485 2397 viro
1517 2351 1649 2412 dici,
1694 2349 1749 2398 in
1768 2351 1909 2398 nullo

316 2418 496 2462 vetere
517 2415 711 2475 scripto
733 2414 977 2462 inveniri.

775 2555 780 2564 .
835 2515 878 2566 C
910 2515 956 2565 A
991 2513 1036 2566 Ρ
1074 2515 1122 2566 U
1158 2515 1207 2565 Τ
1276 2515 1423 2567 Vll.

327 2577 483 2622 Verbis
509 2580 832 2641 antiquissimis
858 2582 1113 2638 relictisque
1140 2582 1238 2624 iam
1266 2588 1313 2625 st
1330 2582 1482 2626 desitis
1499 2582 1681 2626 ms’m‘me
1698 2585 1911 2626 utendum.

392 2641 438 2685 1.
475 2643 658 2689 Verbis
686 2643 764 2689 uti
791 2646 882 2689 aut
913 2641 1069 2687 nimis
1100 2642 1353 2688 obsoletis
1389 2643 1801 2702 exculcatisque,
1834 2645 1913 2688 aut

319 2704 668 2759 insolentibus
705 2709 1059 2766 novitatisque
1096 2709 1255 2756 durae
1292 2713 1344 2755 et
1370 2708 1643 2773 illepidae,
1684 2723 1775 2770 pat·
1812 2723 1915 2759 esse

2098 176 2101 281 Ὗ
