2134 3091
324 170 426 221 362
829 174 1037 220 AULI
1107 174 1419 220 GELLII

325 292 661 348 elicitumque
690 292 795 351 est,
837 291 1055 337 alterum
1075 305 1106 336 a
1123 290 1312 337 mentis
1331 290 1385 336 vi
1405 292 1556 348 atque
1578 290 1774 349 impetu
1805 294 1923 341 duci

320 363 425 407 tur.
503 358 708 405 Veseum
728 360 925 416 autem,
955 359 1094 415 quod
1113 372 1178 403 ex
1199 372 1260 404 ve
1279 357 1536 418 particula
1555 362 1606 405 et
1625 372 1750 405 esea
1771 375 1940 419 copu-

319 427 482 474 latum
515 429 620 482 est,
660 426 931 481 utriusque
961 426 1196 471 diversae
1225 424 1622 483 significationis
1643 426 1747 473 vim
1768 430 1942 485 capit.

321 496 369 539 ⁴2.
409 494 583 540 Aliter
610 493 747 539 enim
774 491 1052 537 Lucretius
1081 505 1282 538 vescum
1310 493 1474 538 salem
1500 492 1627 539 dicit
1645 508 1714 541 ex
1736 496 1938 541 edendi

318 560 632 609 intentione:
671 559 831 605 aliter
856 558 1090 604 Lucilius
1118 572 1319 605 vescum
1345 559 1574 617 appellat
1601 574 1714 607 cum
1735 562 1940 608 edendi

317 628 554 675 fastidio.
624 629 672 671 8.
712 625 815 677 Qui
846 625 1025 671 domos
1056 625 1216 683 igitur
1237 627 1432 683 amplas
1453 628 1740 684 antiquitus
1762 629 1940 675 facie-

318 696 459 752 bant,
480 695 651 740 locum
672 696 789 737 ante
811 691 1015 737 ianuam
1038 688 1300 755 [vacuum]
1322 693 1701 752 relinquebant,
1731 695 1823 753 qui
1847 696 1938 741 in-

318 766 399 807 ter
420 762 559 807 fores
580 762 759 805 domus
780 764 833 804 et
852 759 983 804 viam
1004 759 1204 805 medius
1227 762 1382 805 esset.
1443 763 1490 805 9.
1512 762 1569 806 ln
1591 775 1654 807 eo
1675 762 1933 819 loco‚'qui

318 826 581 876 dominum
601 826 717 872 eius
738 825 917 871 domus
938 827 1219 871 salutatum
1239 830 1504 886 venerant,
1519 827 1818 885 priusquam
1839 829 1936 875 ad-

318 895 673 949 mitterentur,
712 892 1090 939 consistebant:
1131 895 1183 939 et
1202 906 1366 949 neque
1390 894 1442 939 in
1463 894 1548 940 via
1567 897 1802 951 stabant,
1833 909 1932 941 ne-

319 976 417 1022 que
443 962 581 1007 intra
618 961 769 1007 aedes
808 962 976 1005 eraut.
1052 962 1131 1005 10.
1168 962 1244 1006 Ab
1280 960 1376 1006 iila
1409 975 1531 1019 ergo
1567 962 1776 1019 grandis
1815 961 1931 1009 loci

322 1029 653 1086 constitione‚
676 1031 728 1074 et
747 1027 894 1085 quasi
914 1027 1132 1084 quadam
1153 1027 1520 1086 stabulatione,
1549 1029 1811 1075 vestibula
1835 1043 1930 1086 ap-

320 1097 517 1155 pellata
542 1098 684 1153 sunt3
720 1094 903 1153 spatia,
926 1094 1080 1140 sicuti
1101 1094 1347 1151 diximus,
1379 1094 1610 1155 grandis,
1637 1098 1758 1141 ante
1779 1098 1928 1142 fores

322 1163 525 1209 sedium
546 1164 747 1219 relicta,
768 1162 825 1207 in
847 1162 1030 1221 quibus
1053 1163 1276 1218 starent,
1311 1162 1399 1218 qui
1421 1162 1711 1224 venissent,
1750 1164 1928 1222 prius-

323 1244 475 1289 quam
507 1230 562 1276 in
592 1230 789 1277 domum
820 1228 1311 1274 intromitterentur.
1385 1230 1462 1276 11.
1497 1229 1800 1276 Meminisse
1830 1243 1907 1275 au-

322 1301 427 1344 tem
454 1298 774 1351 debebimus,
815 1295 867 1342 id
901 1295 1206 1341 vocabulum
1235 1308 1339 1340 non
1368 1307 1567 1355 semper
1599 1310 1631 1342 a
1662 1297 1923 1343 veteribus

324 1365 663 1422 scriptoribus
692 1363 929 1421 proprie,
958 1362 1050 1408 sed
1071 1375 1162 1419 per
1183 1363 1424 1418 quasdam
1447 1364 1820 1409 translationes
1841 1377 1925 1410 es·-

323 1446 380 1478 se
404 1432 617 1489 dictum3
650 1432 779 1487 qu‘ae
801 1431 971 1475 tamen
991 1430 1066 1475 ita
1091 1432 1212 1473 sunt
1231 1430 1416 1488 factae,
1437 1432 1496 1475 ut
1515 1432 1576 1475 ab
1599 1430 1716 1489 ista,
1739 1432 1802 1476 de
1823 1445 1925 1488 qua

324 1498 571 1553 diximus,
594 1496 909 1556 proprietate
929 1510 1036 1543 non
1056 1496 1214 1556 longe
1236 1496 1568 1543 desciverint.
1621 1497 1770 1544 Sicut
1787 1498 1924 1544 illud

320 1565 377 1611 in
396 1563 805 1621 sexto.Vi1-gi1ii:
1327 1563 1330 1568 '

393 1631 701 1677 Vestibulum
722 1637 847 1674 aneo
864 1632 1043 1688 ipsum,
1058 1633 1342 1690 primisque
1359 1631 1672 1692 insum-ibus
1691 1633 1835 1691 Orc-⁸,

388 1697 581 1744 Luctus
602 1705 651 1742 et
673 1698 887 1744 ultrices
902 1711 1129 1756 posuere
1148 1699 1344 1744 cubilia
1367 1701 1556 1744 &tt-ae.

323 1767 404 1811 12.
445 1765 563 1810 Non
584 1765 723 1810 enim
741 1763 1054 1810 vestibulum
1085 1765 1307 1822 priorem
1339 1767 1537 1822 partem
1555 1767 1736 1813 domus
1759 1768 1922 1815 infer-

318 1845 416 1878 nae
436 1845 549 1878 esse
570 1832 721 1888 dicit,
762 1831 902 1888 quod
922 1834 1174 1889 obrepere
1196 1833 1384 1889 potest,
1421 1834 1662 1890 tanquam
1683 1835 1729 1881 si
1749 1835 1823 1882 ita
1844 1837 1918 1882 di-

320 1902 489 1958 catur3
528 1901 620 1946 sed
643 1899 761 1944 loca
784 1899 886 1944 duo
910 1899 1228 1944 demonstrat
1245 1901 1396 1944 extra
1417 1900 1540 1946 Orci
1563 1903 1726 1956 fores,
1759 1904 1928 1949 vesti--

314 1967 493 2012 bulum
516 1970 569 2012 et
590 1968 790 2012 fauces:
828 1979 897 2012 ex
930 1966 1114 2024 quibus
1144 1968 1198 2011 et
1216 1965 1529 2012 vestibulum
1547 1969 1778 2026 appellat
1799 1976 1918 2017 ante

314 2033 480 2092 ipsam
503 2029 695 2097 [quasi]
720 2032 937 2089 domum,
961 2036 1014 2078 et
1033 2034 1154 2078 ante
1174 2031 1288 2090 ipsa
1309 2033 1430 2078 Orci
1451 2036 1766 2095 penetralia3
1807 2039 1914 2084 fau-

318 2113 406 2147 ces
426 2104 596 2147 autem
615 2103 769 2147 vocat
800 2099 901 2146 iter
920 2100 1218 2160 angustum,
1257 2112 1348 2156 per
1367 2101 1506 2158 quod
1525 2103 1590 2148 ad
1612 2103 1913 2152 vestibulum

314 2167 565 2214 adiretur.

846 2248 1214 2300 CAPUT
1281 2246 1386 2300 vl.

371 2313 635 2366 Hostiae,
667 2328 781 2372 quae
816 2316 1027 2358 dicaemtm·
1059 2315 1348 2364 bidentes,
1381 2315 1493 2372 qm'd
1516 2315 1684 2366 sinaei
1731 2329 1834 2358 mem
1859 2317 1912 2360 ob

428 2385 616 2413 cumam
646 2371 721 2414 ita
752 2373 1021 2428 appellatae
1046 2377 1180 2415 mnt:
1218 2373 1435 2428 superque
1464 2385 1520 2413 ea
1537 2385 1586 2412 re
1603 2371 1656 2414 P.
1721 2371 1854 2426 igidii
1869 2380 1912 2416 et

428 2425 544 2470 Iulii
558 2426 727 2482 Higim'
741 2427 1003 2470 sententiae.

388 2505 437 2550 1.
479 2503 769 2550 Redeuntes
810 2503 1048 2560 Graecia,
1088 2501 1430 2547 Brundusium
1469 2515 1650 2548 navem
1689 2503 1910 2549 adverti-

294 2565 450 2616 ‘mum
524 2571 600 2616 lbi
632 2571 887 2628 quispiam
913 2571 1124 2628 linguae
1151 2568 1366 2614 Latinae
1397 2568 1664 2625 literator,
1690 2571 1852 2616 Roma
1881 2585 1910 2616 a

320 2636 665 2682 Brundusinis
686 2637 993 2692 accersitus,
1036 2634 1408 2692 experiundum
1433 2648 1546 2680 sese
1567 2636 1724 2694 vulgo
1747 2637 1908 2683 dabat:

321 2706 371 2749 2‘.
410 2702 539 2749 imus
559 2703 624 2749 ad
644 2716 759 2748 eum
776 2715 873 2748 nos
896 2715 1100 2760 quoque
1121 2700 1482 2747 oblectamenti
1505 2703 1689 2760 gratia.
1727 2707 1754 2750 3
1793 2703 1912 2752 Erat
