2134 3091
296 187 367 240 ‘14
802 187 1011 233 AULI
1069 185 1380 234 (3131,th

298 323 441 372 spem
459 305 793 362 fiduciamque
810 319 983 351 rerum
996 339 1010 364 ,
1040 318 1169 362 quas
1188 306 1388 352 efficere
1407 304 1521 364 quis
1542 302 1733 366 possit,
1759 301 1896 352 haud

296 389 515 433 unquam
536 375 588 419 in
611 373 735 432 alio,
758 373 848 419 sed
870 373 923 418 in
947 376 1110 418 semet
1130 373 1244 430 ipso
1265 372 1565 420 habendam.
1586 374 1636 419 3.
1659 371 1898 429 Avicula,

296 443 483 502 inquit,
505 444 583 490 est
602 454 775 500 parva.
830 440 1029 486 Nomen
1052 441 1134 486 est
1153 438 1358 484 cassita.
1418 443 1470 485 4.
1510 439 1722 486 Habitat
1742 439 1898 486 uidu-

295 510 537 568 laturque
557 507 612 555 in
633 507 897 567 segetibus
918 507 972 552 id
994 508 1154 552 fen-me
1178 505 1440 566 temporis,
1473 508 1530 552 ut
1547 506 1744 566 appetit
1761 518 1900 552 mes·

296 579 383 635 sis,
404 577 564 636 pullis
588 575 792 620 iamiam
816 573 1182 631 plumantibus.
1247 576 1289 618 5.
1310 573 1391 619 Ea
1409 572 1599 621 cassita
1619 573 1674 619 in
1696 585 1898 620 semen-

293 647 373 691 tes
410 646 546 691 forte
587 643 914 688 concesserat
958 638 1393 697 tempestiviorea.
1462 641 1744 699 Propterea
1783 641 1896 685 fru-

292 711 483 758 mentis
516 709 913 756 flavescentibus
932 707 1062 766 pulli
1087 707 1241 752 etiam
1262 708 1384 753 tunc
1404 707 1705 754 involucres
1725 709 1894 753 erant.

293 781 343 823 6.
382 780 509 825 Cum
537 776 697 835 igitur
724 775 838 833 ipsa
864 774 967 820 iret
1002 774 1168 821 cibum
1191 773 1351 832 pullis
1371 775 1680 834 quaesitum,
1717 776 1894 820 monet

294 857 405 902 eos,
434 848 511 902 ut,
542 843 587 890 si
608 842 731 901 quid
752 842 825 887 ibi
847 840 925 887 rei
946 854 1111 887 novae
1131 841 1280 886 fieret
1301 840 1643 901 dicereturve,
1663 840 1896 889 animad-

293 912 581 970 verterent,
621 910 773 967 idque
812 908 889 954 uti
929 907 1054 967 sibi,
1094 907 1184 954 ubi
1222 907 1469 965 redisset,
1509 909 1889 955 renuntiarent.

287 982 337 1024 7.
376 976 629 1024 Dominus
665 981 851 1036 postea
887 979 1121 1033 segetum
1151 973 1364 1021 illarum
1392 975 1554 1023 filium
1586 975 1890 1022 adolescen-

288 1050 395 1092 tem
412 1047 579 1101 vocat,
600 1046 675 1091 et:
710 1044 955 1097 Videsne,
977 1041 1162 1100 inquit,
1185 1042 1312 1087 haee
1331 1043 1691 1098 ematuruisse,
1713 1045 1765 1089 et
1784 1055 1892 1086 ma-

288 1126 387 1159 nus
405 1112 506 1158 iam
525 1111 825 1170 postulare?
866 1109 1064 1156 Idcirco
1087 1107 1172 1154 die
1193 1108 1432 1166 crastini,
1464 1110 1554 1157 ubi
1574 1109 1790 1168 primum
1812 1108 1893 1155 di-

288 1178 557 1238 luculabit,
593 1180 675 1226 fac
696 1177 888 1225 amicos
932 1179 1082 1224 adeas
1104 1177 1158 1220 et
1175 1188 1358 1233 roges,
1391 1177 1629 1234 veniant,
1658 1189 1892 1235 operam-

288 1261 387 1305 que
414 1249 639 1292 mutuam
670 1244 817 1300 dent,
855 1245 907 1289 et
934 1256 1154 1289 messem
1181 1242 1312 1288 hanc
1337 1243 1488 1290 nobis
1511 1243 1774 1290 adiuvent.
1843 1245 1889 1287 8.

288 1316 430 1360 Haec
459 1313 550 1359 ille
582 1312 667 1358 ubi
705 1311 869 1364 dixit,
906 1309 1176 1355 discessit:
1214 1313 1368 1366 atque
1405 1310 1494 1360 uhi
1532 1310 1692 1356 rediit
1731 1309 1889 1356 cassi-

289 1386 360 1440 ta,
391 1379 523 1437 pulli
543 1378 792 1436 trepiduli
816 1379 1263 1434 circumstrepere,
1298 1389 1549 1434 orareque
1568 1380 1806 1433 matrem,
1837 1380 1890 1422 ut

290 1447 463 1494 statim
484 1445 583 1491 iam
604 1448 861 1503 properet,
882 1447 1032 1500 atque
1052 1441 1211 1488 alium
1234 1443 1286 1488 in
1310 1443 1479 1490 locum
1502 1457 1616 1490 sese
1635 1445 1888 1502 asportet:

291 1527 407 1561 nam
428 1511 689 1569 dominus,
730 1509 997 1569 inquiunt,
1037 1508 1203 1568 misit,
1234 1511 1321 1569 qui
1342 1511 1534 1559 amicos
1556 1515 1782 1571 rogaret,
1813 1509 1889 1556 uti

290 1586 408 1628 tuce
438 1579 642 1625 oriente
678 1580 887 1624 veniant
926 1582 977 1623 et
1005 1581 1214 1624 metant.
1287 1583 1332 1625 9.
1368 1581 1538 1625 Mater
1564 1580 1706 1628 iubet
1736 1592 1826 1625 eos
1860 1590 1891 1624 a

288 1650 428 1695 metu
462 1646 663 1693 otiosos
685 1659 827 1691 esse:
866 1644 908 1691 si
932 1644 1067 1690 enim
1091 1644 1345 1701 dominus,
1377 1646 1562 1703 inquit,
1590 1659 1802 1693 messem
1825 1644 1888 1691 ad

290 1714 484 1760 amicos
512 1712 705 1775 reiicit,
746 1712 971 1757 crastino
1004 1724 1152 1770 seges
1179 1725 1284 1759 non
1313 1719 1564 1770 metetur5
1603 1728 1769 1772 neque
1799 1726 1889 1758 ne-

292 1794 439 1827 cesse
459 1782 563 1839 est,
591 1779 745 1825 hodie
766 1779 840 1824 uti
866 1792 955 1826 vos
976 1780 1221 1825 auferam.
1294 1781 1372 1825 10.
1407 1780 1506 1826 Die
1537 1781 1698 1840 igitur
1717 1784 1890 1839 poste-

290 1862 349 1895 ro
373 1851 534 1893 mater
556 1846 609 1891 in
629 1846 867 1905 pabulum
898 1846 1057 1892 volat.
1127 1845 1408 1907 Dominus,
1439 1860 1568 1905 quos
1599 1850 1888 1906 rogaverat,

290 1914 576 1973 opperitur.
648 1914 739 1960 Sol
770 1913 947 1969 fervit,
987 1916 1039 1959 et
1066 1914 1122 1960 fit
1140 1913 1296 1961 nihil:
1325 1918 1377 1959 et
1397 1913 1548 1960 amici
1568 1914 1704 1961 nulli
1724 1918 1886 1961 erant.

292 1984 371 2028 11.
412 1983 538 2028 Tum
561 1980 654 2027 ille
683 1994 887 2027 rursum
906 1981 967 2026 ad
990 1980 1175 2028 lilium:
1228 1979 1396 2027 Amici
1417 1981 1530 2041 isti,
1564 1981 1753 2041 inquit,
1781 1994 1890 2028 ma·

288 2064 437 2109 gnam
476 2051 669 2107 partem
715 2052 1003 2094 cessatores
1041 2050 1178 2093 suut.
1251 2047 1391 2100 Quin
1427 2049 1600 2105 potius
1643 2049 1798 2104 imus,
1838 2050 1888 2094 et

290 2120 554 2177 cognatos,
578 2118 854 2173 affinesque
874 2118 927 2161 et
945 2114 1151 2162 vicinos
1169 2118 1378 2161 nostros
1400 2128 1622 2174 oramus,
1643 2120 1700 2162 ut
1720 2115 1892 2162 adsint

288 2196 402 2229 cras
422 2182 644 2241 tempori
666 2182 727 2228 ad
749 2184 1080 2229 metendum?
1139 2183 1214 2229 12.
1256 2181 1445 2227 Itidem
1464 2182 1562 2229 hoc
1579 2182 1716 2241 pulli
1736 2196 1890 2241 pave-

287 2250 415 2295 facti
445 2249 598 2295 matri
629 2249 889 2297 nuntiant.
959 2252 1131 2296 Mater
1159 2248 1426 2308 hortatur,
1463 2254 1522 2295 ut
1551 2252 1656 2295 tum
1688 2263 1890 2307 quoque

287 2315 403 2362 sine
431 2319 571 2362 metu
596 2328 659 2362 ac
684 2317 799 2363 sine
829 2331 953 2363 cura
976 2317 1108 2363 sint:
1142 2320 1392 2374 cognatos
1413 2318 1694 2375 affinesque
1713 2317 1890 2362 nullos

288 2384 452 2429 ferme
481 2388 586 2428 tam
607 2396 721 2430 esse
743 2383 1095 2441 obsequibiles
1119 2378 1265 2446 [ait],
1302 2385 1362 2428 ut
1381 2382 1444 2427 ad
1464 2382 1689 2430 laborem
1713 2396 1888 2440 capes-—

287 2449 497 2495 sendum
519 2448 653 2494 nihil
676 2452 993 2507 cunctentur,
1015 2453 1067 2495 et
1089 2450 1262 2495 statim
1285 2450 1421 2496 dicto
1445 2451 1710 2497 obediant.
1780 2451 1886 2494 Vos

284 2516 467 2569 modo,
504 2515 702 2571 inquit,
740 2517 1021 2575 advertite,
1061 2516 1107 2561 si
1137 2516 1290 2561 modo
1321 2515 1442 2573 quid
1475 2516 1641 2565 denuo
1673 2516 1886 2562 dicetur.

290 2581 311 2624 l
326 2582 372 2625 3.
408 2580 529 2625 Alia
549 2581 667 2625 luce
688 2585 818 2639 orta,
842 2582 953 2627 avis
974 2582 1027 2628 in
1048 2586 1249 2639 pastum
1269 2584 1500 2639 profecta
1521 2590 1615 2630 est.
1671 2581 1886 2640 Cognati

288 2648 341 2690 et
361 2646 536 2690 affines
559 2658 782 2705 operam,
820 2662 970 2704 quam
1002 2648 1125 2692 dare
1155 2648 1320 2706 rogati
1352 2652 1495 2702 sunt,
1535 2650 1888 2709 supersedent.

295 2710 373 2755 14.
402 2710 483 2755 Ad
503 2712 813 2769 postremum
836 2713 995 2770 igitur
1016 2712 1251 2760 dominus
1270 2714 1403 2762 filio:
1440 2716 1680 2777 Valeant,
1700 2715 1870 2775 inquit
