<?xml version="1.0" encoding="UTF-8"?>
<!DOCTYPE html PUBLIC "-//W3C//DTD XHTML 1.0 Transitional//EN"
    "http://www.w3.org/TR/xhtml1/DTD/xhtml1-transitional.dtd">
<html xmlns="http://www.w3.org/1999/xhtml" xml:lang="en" lang="en">
 <head>
  <title>
</title>
<meta http-equiv="Content-Type" content="text/html;charset=utf-8" />
  <meta name='ocr-system' content='tesseract 3.04.00' />
  <meta name='ocr-capabilities' content='ocr_page ocr_carea ocr_par ocr_line ocrx_word'/>
</head>
<body>
  <div class='ocr_page' id='page_1' title='image "./noctesatticaecu00gellgoog_0045.png"; bbox 0 0 2134 3091; ppageno 0'>
   <div class='ocr_carea' id='block_1_1' title="bbox 242 561 1915 624">
    <p class='ocr_par' dir='ltr' id='par_1_1' title="bbox 242 561 1915 624">
     <span class='ocr_line' id='line_1_1' title="bbox 242 561 1915 624; baseline 0.001 -13"><span class='ocrx_word' id='word_1_1' title='bbox 242 613 250 620; x_wconf 72' lang='grc'><strong>,</strong></span> <span class='ocrx_word' id='word_1_2' title='bbox 325 567 403 612; x_wconf 79' lang='lat'><strong>17.</strong></span> <span class='ocrx_word' id='word_1_3' title='bbox 439 565 685 611; x_wconf 74' lang='lat' dir='ltr'>Aurelius</span> <span class='ocrx_word' id='word_1_4' title='bbox 703 565 877 608; x_wconf 84' lang='lat' dir='ltr'><strong>autem</strong></span> <span class='ocrx_word' id='word_1_5' title='bbox 897 562 1101 619; x_wconf 79' lang='lat' dir='ltr'><strong>Opilius</strong></span> <span class='ocrx_word' id='word_1_6' title='bbox 1122 563 1177 607; x_wconf 88' lang='lat' dir='ltr'><strong>iu</strong></span> <span class='ocrx_word' id='word_1_7' title='bbox 1197 561 1360 620; x_wconf 83' lang='lat' dir='ltr'><strong>primo</strong></span> <span class='ocrx_word' id='word_1_8' title='bbox 1377 563 1646 624; x_wconf 84' lang='lat' dir='ltr'><strong>librorum,</strong></span> <span class='ocrx_word' id='word_1_9' title='bbox 1666 579 1791 623; x_wconf 87' lang='lat' dir='ltr'><strong>quos</strong></span> <span class='ocrx_word' id='word_1_10' title='bbox 1802 568 1915 612; x_wconf 85' lang='lat' dir='ltr'><strong>Mu-</strong></span> 
     </span>
    </p>
   </div>
   <div class='ocr_carea' id='block_1_2' title="bbox 324 240 1423 292">
    <p class='ocr_par' dir='ltr' id='par_1_2' title="bbox 324 240 1423 292">
     <span class='ocr_line' id='line_1_2' title="bbox 324 240 1423 292; baseline 0 0"><span class='ocrx_word' id='word_1_11' title='bbox 324 240 394 292; x_wconf 74' lang='grc'><strong>38</strong></span> <span class='ocrx_word' id='word_1_12' title='bbox 763 244 1034 292; x_wconf 77' lang='lat' dir='ltr'><strong>‘AULI</strong></span> <span class='ocrx_word' id='word_1_13' title='bbox 1108 243 1423 292; x_wconf 74' lang='lat' dir='ltr'>GELLH</span> 
     </span>
    </p>
   </div>
   <div class='ocr_carea' id='block_1_3' title="bbox 323 359 1914 554">
    <p class='ocr_par' dir='ltr' id='par_1_3' title="bbox 323 359 1914 554">
     <span class='ocr_line' id='line_1_3' title="bbox 323 359 1913 424; baseline 0.002 -15"><span class='ocrx_word' id='word_1_14' title='bbox 323 363 538 422; x_wconf 81' lang='lat' dir='ltr'><strong>gnetur,</strong></span> <span class='ocrx_word' id='word_1_15' title='bbox 567 363 741 421; x_wconf 88' lang='lat' dir='ltr'><strong>atque,</strong></span> <span class='ocrx_word' id='word_1_16' title='bbox 770 359 816 406; x_wconf 81' lang='lat' dir='ltr'><strong>is</strong></span> <span class='ocrx_word' id='word_1_17' title='bbox 843 361 952 408; x_wconf 83' lang='lat' dir='ltr'><strong>dies</strong></span> <span class='ocrx_word' id='word_1_18' title='bbox 978 361 1069 408; x_wconf 89' lang='lat' dir='ltr'><strong>ubi</strong></span> <span class='ocrx_word' id='word_1_19' title='bbox 1090 361 1247 416; x_wconf 83' lang='lat' dir='ltr'><strong>venit,</strong></span> <span class='ocrx_word' id='word_1_20' title='bbox 1277 361 1395 408; x_wconf 88' lang='lat' dir='ltr'><strong>iude</strong></span> <span class='ocrx_word' id='word_1_21' title='bbox 1418 361 1489 408; x_wconf 87' lang='lat' dir='ltr'><strong>uti</strong></span> <span class='ocrx_word' id='word_1_22' title='bbox 1512 360 1615 410; x_wconf 82' lang='lat' dir='ltr'><strong>iam</strong></span> <span class='ocrx_word' id='word_1_23' title='bbox 1634 367 1913 424; x_wconf 76' lang='lat' dir='ltr'><strong>pugnetur:</strong></span> 
     </span>
     <span class='ocr_line' id='line_1_4' title="bbox 324 429 1914 491; baseline 0.002 -15"><span class='ocrx_word' id='word_1_24' title='bbox 324 431 516 478; x_wconf 87' lang='lat' dir='ltr'><strong>idcirco</strong></span> <span class='ocrx_word' id='word_1_25' title='bbox 546 443 613 476; x_wconf 82' lang='lat' dir='ltr'><strong>ex</strong></span> <span class='ocrx_word' id='word_1_26' title='bbox 636 429 726 484; x_wconf 84' lang='lat' dir='ltr'><strong>iis,</strong></span> <span class='ocrx_word' id='word_1_27' title='bbox 755 429 940 486; x_wconf 83' lang='lat' dir='ltr'><strong>quibus</strong></span> <span class='ocrx_word' id='word_1_28' title='bbox 961 429 1099 485; x_wconf 82' lang='lat' dir='ltr'>dixi,</span> <span class='ocrx_word' id='word_1_29' title='bbox 1126 429 1365 486; x_wconf 82' lang='lat' dir='ltr'><strong>vocibus,</strong></span> <span class='ocrx_word' id='word_1_30' title='bbox 1394 430 1537 486; x_wconf 83' lang='lat' dir='ltr'><strong>quasi</strong></span> <span class='ocrx_word' id='word_1_31' title='bbox 1558 445 1651 489; x_wconf 81' lang='lat' dir='ltr'><strong>per</strong></span> <span class='ocrx_word' id='word_1_32' title='bbox 1669 432 1914 491; x_wconf 80' lang='lat' dir='ltr'><strong>quendam</strong></span> 
     </span>
     <span class='ocr_line' id='line_1_5' title="bbox 325 495 1913 554; baseline 0.001 -10"><span class='ocrx_word' id='word_1_33' title='bbox 325 497 516 544; x_wconf 86' lang='lat' dir='ltr'><strong>coitum</strong></span> <span class='ocrx_word' id='word_1_34' title='bbox 543 500 596 543; x_wconf 90' lang='lat' dir='ltr'><strong>et</strong></span> <span class='ocrx_word' id='word_1_35' title='bbox 623 496 882 554; x_wconf 83' lang='lat' dir='ltr'><strong>copulam,</strong></span> <span class='ocrx_word' id='word_1_36' title='bbox 919 509 1107 542; x_wconf 84' lang='lat' dir='ltr'><strong>nomen</strong></span> <span class='ocrx_word' id='word_1_37' title='bbox 1138 495 1460 542; x_wconf 77' lang='lat' dir='ltr'><strong>induciarum</strong></span> <span class='ocrx_word' id='word_1_38' title='bbox 1496 511 1787 546; x_wconf 86' lang='lat' dir='ltr'><strong>connexum</strong></span> <span class='ocrx_word' id='word_1_39' title='bbox 1822 503 1913 545; x_wconf 84' lang='lat' dir='ltr'><strong>est.</strong></span> 
     </span>
    </p>
   </div>
   <div class='ocr_carea' id='block_1_4' title="bbox 2109 105 2110 692">
    <p class='ocr_par' dir='ltr' id='par_1_4' title="bbox 2109 105 2110 692">
     <span class='ocr_line' id='line_1_6' title="bbox 2109 105 2110 692; baseline 0 0"><span class='ocrx_word' id='word_1_40' title='bbox 2109 105 2110 692; x_wconf 95' lang='lat' dir='ltr'><strong> </strong></span> 
     </span>
    </p>
   </div>
   <div class='ocr_carea' id='block_1_5' title="bbox 312 628 2111 1162">
    <p class='ocr_par' dir='ltr' id='par_1_5' title="bbox 312 628 2111 1162">
     <span class='ocr_line' id='line_1_7' title="bbox 323 628 1915 688; baseline 0.001 -10"><span class='ocrx_word' id='word_1_41' title='bbox 323 645 494 678; x_wconf 86' lang='lat' dir='ltr'><strong>sarum</strong></span> <span class='ocrx_word' id='word_1_42' title='bbox 513 629 800 688; x_wconf 73' lang='lat' dir='ltr'><strong>inscripsit:</strong></span> <span class='ocrx_word' id='word_1_43' title='bbox 839 629 1101 684; x_wconf 71' lang='lat' dir='ltr'><strong>Indue-iae,</strong></span> <span class='ocrx_word' id='word_1_44' title='bbox 1122 628 1306 686; x_wconf 87' lang='lat' dir='ltr'><strong>inquit,</strong></span> <span class='ocrx_word' id='word_1_45' title='bbox 1326 631 1584 686; x_wconf 72' lang='lat' dir='ltr'><strong>dicuntur,</strong></span> <span class='ocrx_word' id='word_1_46' title='bbox 1614 646 1726 679; x_wconf 69' lang='lat' dir='ltr'><strong>eum</strong></span> <span class='ocrx_word' id='word_1_47' title='bbox 1748 633 1915 680; x_wconf 72' lang='lat' dir='ltr'><strong>hostes</strong></span> 
     </span>
     <span class='ocr_line' id='line_1_8' title="bbox 320 697 2110 758; baseline -0.001 -14"><span class='ocrx_word' id='word_1_48' title='bbox 320 701 461 745; x_wconf 68' lang='lat' dir='ltr'><strong>incer</strong></span> <span class='ocrx_word' id='word_1_49' title='bbox 491 712 599 744; x_wconf 78' lang='lat' dir='ltr'><strong>sese</strong></span> <span class='ocrx_word' id='word_1_50' title='bbox 632 699 871 756; x_wconf 69' lang='lat' dir='ltr'><strong>utrinque</strong></span> <span class='ocrx_word' id='word_1_51' title='bbox 900 702 1115 756; x_wconf 74' lang='lat' dir='ltr'><strong>utroque</strong></span> <span class='ocrx_word' id='word_1_52' title='bbox 1142 697 1305 742; x_wconf 76' lang='lat' dir='ltr'><strong>alteri</strong></span> <span class='ocrx_word' id='word_1_53' title='bbox 1330 697 1401 742; x_wconf 79' lang='lat' dir='ltr'><strong>ad</strong></span> <span class='ocrx_word' id='word_1_54' title='bbox 1430 699 1633 745; x_wconf 71' lang='lat' dir='ltr'><strong>alteros</strong></span> <span class='ocrx_word' id='word_1_55' title='bbox 1650 703 1849 758; x_wconf 67' lang='lat' dir='ltr'><strong>inpune</strong></span> <span class='ocrx_word' id='word_1_56' title='bbox 1866 707 1915 746; x_wconf 81' lang='lat' dir='ltr'><strong>et</strong></span> <span class='ocrx_word' id='word_1_57' title='bbox 2109 737 2110 742; x_wconf 72' lang='grc'>,</span> 
     </span>
     <span class='ocr_line' id='line_1_9' title="bbox 321 743 2111 829; baseline 0.001 -17"><span class='ocrx_word' id='word_1_58' title='bbox 321 768 430 813; x_wconf 71' lang='lat' dir='ltr'><strong>sine</strong></span> <span class='ocrx_word' id='word_1_59' title='bbox 443 779 620 825; x_wconf 74' lang='lat' dir='ltr'><strong>pugna</strong></span> <span class='ocrx_word' id='word_1_60' title='bbox 639 765 828 809; x_wconf 69' lang='lat' dir='ltr'><strong>ineunt.</strong></span> <span class='ocrx_word' id='word_1_61' title='bbox 899 765 1026 808; x_wconf 72' lang='lat' dir='ltr'><strong>Inde</strong></span> <span class='ocrx_word' id='word_1_62' title='bbox 1047 765 1118 808; x_wconf 75' lang='lat' dir='ltr'><strong>ab</strong></span> <span class='ocrx_word' id='word_1_63' title='bbox 1136 777 1195 807; x_wconf 82' lang='lat' dir='ltr'><strong>eo</strong></span> <span class='ocrx_word' id='word_1_64' title='bbox 1210 794 1226 818; x_wconf 91' lang='lat'><strong>,</strong></span> <span class='ocrx_word' id='word_1_65' title='bbox 1256 762 1451 821; x_wconf 83' lang='lat' dir='ltr'><strong>inquit,</strong></span> <span class='ocrx_word' id='word_1_66' title='bbox 1492 779 1671 811; x_wconf 74' lang='lat' dir='ltr'><strong>nomen</strong></span> <span class='ocrx_word' id='word_1_67' title='bbox 1696 779 1807 814; x_wconf 78' lang='lat' dir='ltr'><strong>esse</strong></span> <span class='ocrx_word' id='word_1_68' title='bbox 1814 769 1916 829; x_wconf 78' lang='lat' dir='ltr'><strong>fa·-</strong></span> <span class='ocrx_word' id='word_1_69' title='bbox 2100 743 2111 798; x_wconf 54' lang='lat'><strong><em>⁴</em></strong></span> 
     </span>
     <span class='ocr_line' id='line_1_10' title="bbox 320 825 1917 893; baseline 0.001 -14"><span class='ocrx_word' id='word_1_70' title='bbox 320 840 456 879; x_wconf 75' lang='lat' dir='ltr'><strong>etum</strong></span> <span class='ocrx_word' id='word_1_71' title='bbox 475 832 698 885; x_wconf 70' lang='lat' dir='ltr'><strong>videtur,</strong></span> <span class='ocrx_word' id='word_1_72' title='bbox 719 833 872 890; x_wconf 66' lang='lat' dir='ltr'><strong>quast·</strong></span> <span class='ocrx_word' id='word_1_73' title='bbox 891 825 1111 893; x_wconf 72' lang='lat' dir='ltr'><strong>[v‘m&#39;n&#39;ae‚</strong></span> <span class='ocrx_word' id='word_1_74' title='bbox 1127 830 1221 876; x_wconf 76' lang='lat' dir='ltr'><strong>hoe</strong></span> <span class='ocrx_word' id='word_1_75' title='bbox 1242 826 1358 893; x_wconf 52' lang='grc' dir='ltr'><strong>ειη]</strong></span> <span class='ocrx_word' id='word_1_76' title='bbox 1378 832 1538 878; x_wconf 67' lang='lat' dir='ltr'><strong>initus</strong></span> <span class='ocrx_word' id='word_1_77' title='bbox 1558 839 1717 893; x_wconf 75' lang='lat' dir='ltr'><strong>atque</strong></span> <span class='ocrx_word' id='word_1_78' title='bbox 1735 835 1917 880; x_wconf 70' lang='lat' dir='ltr'><strong>introi·-</strong></span> 
     </span>
     <span class='ocr_line' id='line_1_11' title="bbox 321 897 1915 958; baseline 0.001 -12"><span class='ocrx_word' id='word_1_79' title='bbox 321 907 418 946; x_wconf 75' lang='lat' dir='ltr'><strong>tus.</strong></span> <span class='ocrx_word' id='word_1_80' title='bbox 492 901 570 944; x_wconf 84' lang='lat'><strong>18.</strong></span> <span class='ocrx_word' id='word_1_81' title='bbox 609 899 720 943; x_wconf 86' lang='lat' dir='ltr'><strong>Hoc</strong></span> <span class='ocrx_word' id='word_1_82' title='bbox 748 897 808 943; x_wconf 92' lang='lat' dir='ltr'><strong>ab</strong></span> <span class='ocrx_word' id='word_1_83' title='bbox 836 897 1054 944; x_wconf 82' lang='lat' dir='ltr'><strong>Aurelio</strong></span> <span class='ocrx_word' id='word_1_84' title='bbox 1082 899 1327 955; x_wconf 83' lang='lat' dir='ltr'><strong>scriptum</strong></span> <span class='ocrx_word' id='word_1_85' title='bbox 1353 900 1627 955; x_wconf 82' lang='lat' dir='ltr'><strong>propterea</strong></span> <span class='ocrx_word' id='word_1_86' title='bbox 1645 914 1749 946; x_wconf 85' lang='lat' dir='ltr'><strong>non</strong></span> <span class='ocrx_word' id='word_1_87' title='bbox 1768 915 1915 958; x_wconf 83' lang='lat' dir='ltr'><strong>prae-</strong></span> 
     </span>
     <span class='ocr_line' id='line_1_12' title="bbox 317 965 1913 1023; baseline 0 -9"><span class='ocrx_word' id='word_1_88' title='bbox 317 967 464 1023; x_wconf 90' lang='lat' dir='ltr'><strong>terii,</strong></span> <span class='ocrx_word' id='word_1_89' title='bbox 502 980 568 1013; x_wconf 84' lang='lat' dir='ltr'><strong>ne</strong></span> <span class='ocrx_word' id='word_1_90' title='bbox 589 965 671 1011; x_wconf 89' lang='lat' dir='ltr'><strong>cui</strong></span> <span class='ocrx_word' id='word_1_91' title='bbox 700 965 878 1012; x_wconf 85' lang='lat' dir='ltr'><strong>harum</strong></span> <span class='ocrx_word' id='word_1_92' title='bbox 904 965 1142 1012; x_wconf 84' lang='lat' dir='ltr'><strong>Noctium</strong></span> <span class='ocrx_word' id='word_1_93' title='bbox 1168 965 1371 1012; x_wconf 87' lang='lat' dir='ltr'><strong>aemulo</strong></span> <span class='ocrx_word' id='word_1_94' title='bbox 1400 977 1463 1010; x_wconf 90' lang='lat' dir='ltr'><strong>eo</strong></span> <span class='ocrx_word' id='word_1_95' title='bbox 1491 968 1691 1012; x_wconf 87' lang='lat' dir='ltr'><strong>tantum</strong></span> <span class='ocrx_word' id='word_1_96' title='bbox 1706 968 1913 1014; x_wconf 82' lang='lat' dir='ltr'><strong>nomine</strong></span> 
     </span>
     <span class='ocr_line' id='line_1_13' title="bbox 315 1032 1913 1096; baseline -0.001 -15"><span class='ocrx_word' id='word_1_97' title='bbox 315 1035 606 1094; x_wconf 83' lang='lat' dir='ltr'><strong>elegantius</strong></span> <span class='ocrx_word' id='word_1_98' title='bbox 635 1033 690 1081; x_wconf 91' lang='lat' dir='ltr'><strong>id</strong></span> <span class='ocrx_word' id='word_1_99' title='bbox 718 1032 1004 1096; x_wconf 86' lang='lat' dir='ltr'><strong>videretur,</strong></span> <span class='ocrx_word' id='word_1_100' title='bbox 1034 1036 1275 1091; x_wconf 81' lang='lat' dir='ltr'><strong>tanquam</strong></span> <span class='ocrx_word' id='word_1_101' title='bbox 1301 1032 1357 1080; x_wconf 87' lang='lat' dir='ltr'><strong>id</strong></span> <span class='ocrx_word' id='word_1_102' title='bbox 1382 1045 1479 1079; x_wconf 83' lang='lat' dir='ltr'><strong>nos</strong></span> <span class='ocrx_word' id='word_1_103' title='bbox 1499 1033 1753 1093; x_wconf 80' lang='lat' dir='ltr'><strong>originem</strong></span> <span class='ocrx_word' id='word_1_104' title='bbox 1770 1035 1913 1082; x_wconf 83' lang='lat' dir='ltr'><strong>verbi</strong></span> 
     </span>
     <span class='ocr_line' id='line_1_14' title="bbox 312 1099 888 1162; baseline -0.007 -12"><span class='ocrx_word' id='word_1_105' title='bbox 312 1102 636 1162; x_wconf 73' lang='lat' dir='ltr'><strong>requirentes</strong></span> <span class='ocrx_word' id='word_1_106' title='bbox 653 1099 888 1159; x_wconf 72' lang='lat' dir='ltr'><strong>fugisset.</strong></span> 
     </span>
    </p>
   </div>
   <div class='ocr_carea' id='block_1_6' title="bbox 780 1224 1448 1278">
    <p class='ocr_par' dir='ltr' id='par_1_6' title="bbox 780 1224 1448 1278">
     <span class='ocr_line' id='line_1_15' title="bbox 780 1224 1448 1278; baseline 0.001 -2"><span class='ocrx_word' id='word_1_107' title='bbox 780 1224 1149 1276; x_wconf 83' lang='lat' dir='ltr'>CAPUT</span> <span class='ocrx_word' id='word_1_108' title='bbox 1220 1224 1448 1278; x_wconf 85' lang='lat' dir='ltr'><strong>xxvl.</strong></span> 
     </span>
    </p>
   </div>
   <div class='ocr_carea' id='block_1_7' title="bbox 303 1305 2111 3049">
    <p class='ocr_par' dir='ltr' id='par_1_7' title="bbox 373 1305 1907 1364">
     <span class='ocr_line' id='line_1_16' title="bbox 373 1305 1907 1364; baseline -0.003 -10"><span class='ocrx_word' id='word_1_109' title='bbox 373 1311 507 1360; x_wconf 77' lang='lat' dir='ltr'><strong>Quem</strong></span> <span class='ocrx_word' id='word_1_110' title='bbox 531 1310 584 1352; x_wconf 74' lang='lat' dir='ltr'><strong>in</strong></span> <span class='ocrx_word' id='word_1_111' title='bbox 610 1313 796 1354; x_wconf 70' lang='lat' dir='ltr'><strong>modum</strong></span> <span class='ocrx_word' id='word_1_112' title='bbox 819 1309 938 1352; x_wconf 78' lang='lat' dir='ltr'><strong>mihi</strong></span> <span class='ocrx_word' id='word_1_113' title='bbox 971 1308 1148 1352; x_wconf 73' lang='lat' dir='ltr'><strong>Taurus</strong></span> <span class='ocrx_word' id='word_1_114' title='bbox 1170 1308 1469 1364; x_wconf 73' lang='lat' dir='ltr'><strong>philosophus</strong></span> <span class='ocrx_word' id='word_1_115' title='bbox 1494 1305 1776 1363; x_wconf 63' lang='lat' dir='ltr'><strong>responderit</strong></span> <span class='ocrx_word' id='word_1_116' title='bbox 1798 1319 1907 1362; x_wconf 76' lang='lat' dir='ltr'><strong>per-</strong></span> 
     </span>
    </p>

    <p class='ocr_par' dir='ltr' id='par_1_8' title="bbox 427 1365 1235 1421">
     <span class='ocr_line' id='line_1_17' title="bbox 427 1365 1235 1421; baseline -0.004 -11"><span class='ocrx_word' id='word_1_117' title='bbox 427 1367 651 1417; x_wconf 77' lang='lat' dir='ltr'><strong>contanti,</strong></span> <span class='ocrx_word' id='word_1_118' title='bbox 674 1380 734 1408; x_wconf 70' lang='lat' dir='ltr'><strong>aa</strong></span> <span class='ocrx_word' id='word_1_119' title='bbox 750 1365 928 1421; x_wconf 71' lang='lat' dir='ltr'><strong>sapiens</strong></span> <span class='ocrx_word' id='word_1_120' title='bbox 949 1365 1235 1408; x_wconf 72' lang='lat' dir='ltr'><strong>irasceretur.</strong></span> 
     </span>
    </p>

    <p class='ocr_par' dir='ltr' id='par_1_9' title="bbox 303 1439 2111 3049">
     <span class='ocr_line' id='line_1_18' title="bbox 385 1439 1913 1502; baseline -0.003 -12"><span class='ocrx_word' id='word_1_121' title='bbox 385 1447 430 1490; x_wconf 90' lang='lat'><strong>1.</strong></span> <span class='ocrx_word' id='word_1_122' title='bbox 469 1441 792 1502; x_wconf 77' lang='lat' dir='ltr'><strong>Interrogavi</strong></span> <span class='ocrx_word' id='word_1_123' title='bbox 813 1441 866 1487; x_wconf 89' lang='lat' dir='ltr'><strong>in</strong></span> <span class='ocrx_word' id='word_1_124' title='bbox 887 1441 1107 1488; x_wconf 79' lang='lat' dir='ltr'><strong>diatriba</strong></span> <span class='ocrx_word' id='word_1_125' title='bbox 1128 1443 1371 1500; x_wconf 85' lang='lat' dir='ltr'><strong>Taurum,</strong></span> <span class='ocrx_word' id='word_1_126' title='bbox 1410 1454 1475 1486; x_wconf 86' lang='lat' dir='ltr'><strong>an</strong></span> <span class='ocrx_word' id='word_1_127' title='bbox 1497 1439 1701 1500; x_wconf 82' lang='lat' dir='ltr'><strong>sapiens</strong></span> <span class='ocrx_word' id='word_1_128' title='bbox 1720 1439 1913 1486; x_wconf 86' lang='lat' dir='ltr'><strong>irasce-</strong></span> 
     </span>
     <span class='ocr_line' id='line_1_19' title="bbox 315 1507 1913 1567; baseline -0.004 -9"><span class='ocrx_word' id='word_1_129' title='bbox 315 1515 475 1559; x_wconf 83' lang='lat' dir='ltr'><strong>retur.</strong></span> <span class='ocrx_word' id='word_1_130' title='bbox 546 1513 596 1557; x_wconf 85' lang='lat'><strong>2.</strong></span> <span class='ocrx_word' id='word_1_131' title='bbox 639 1511 804 1557; x_wconf 87' lang='lat' dir='ltr'><strong>Dabat</strong></span> <span class='ocrx_word' id='word_1_132' title='bbox 830 1509 966 1555; x_wconf 90' lang='lat' dir='ltr'><strong>enim</strong></span> <span class='ocrx_word' id='word_1_133' title='bbox 995 1521 1147 1567; x_wconf 84' lang='lat' dir='ltr'><strong>saepe</strong></span> <span class='ocrx_word' id='word_1_134' title='bbox 1174 1511 1293 1567; x_wconf 84' lang='lat' dir='ltr'><strong>post</strong></span> <span class='ocrx_word' id='word_1_135' title='bbox 1312 1509 1639 1567; x_wconf 83' lang='lat' dir='ltr'><strong>quotidianas</strong></span> <span class='ocrx_word' id='word_1_136' title='bbox 1662 1507 1913 1555; x_wconf 82' lang='lat' dir='ltr'><strong>lectiones</strong></span> 
     </span>
     <span class='ocr_line' id='line_1_20' title="bbox 318 1576 1913 1637; baseline -0.003 -11"><span class='ocrx_word' id='word_1_137' title='bbox 318 1579 615 1637; x_wconf 86' lang='lat' dir='ltr'><strong>quaerendi,</strong></span> <span class='ocrx_word' id='word_1_138' title='bbox 636 1578 772 1636; x_wconf 89' lang='lat' dir='ltr'><strong>quod</strong></span> <span class='ocrx_word' id='word_1_139' title='bbox 792 1578 905 1634; x_wconf 82' lang='lat' dir='ltr'><strong>quis</strong></span> <span class='ocrx_word' id='word_1_140' title='bbox 925 1576 1105 1631; x_wconf 85' lang='lat' dir='ltr'><strong>vellet,</strong></span> <span class='ocrx_word' id='word_1_141' title='bbox 1127 1578 1447 1635; x_wconf 81' lang='lat' dir='ltr'><strong>potestatem..</strong></span> <span class='ocrx_word' id='word_1_142' title='bbox 1508 1580 1556 1623; x_wconf 80' lang='lat'><strong>3.</strong></span> <span class='ocrx_word' id='word_1_143' title='bbox 1592 1579 1643 1622; x_wconf 86' lang='lat' dir='ltr'><strong>ls</strong></span> <span class='ocrx_word' id='word_1_144' title='bbox 1664 1590 1777 1623; x_wconf 85' lang='lat' dir='ltr'><strong>cum</strong></span> <span class='ocrx_word' id='word_1_145' title='bbox 1795 1588 1913 1633; x_wconf 80' lang='lat' dir='ltr'><strong>gra-</strong></span> 
     </span>
     <span class='ocr_line' id='line_1_21' title="bbox 318 1642 1917 1703; baseline -0.004 -10"><span class='ocrx_word' id='word_1_146' title='bbox 318 1648 454 1693; x_wconf 86' lang='lat' dir='ltr'><strong>viter</strong></span> <span class='ocrx_word' id='word_1_147' title='bbox 491 1649 545 1693; x_wconf 88' lang='lat' dir='ltr'><strong>et</strong></span> <span class='ocrx_word' id='word_1_148' title='bbox 583 1646 790 1703; x_wconf 76' lang='lat' dir='ltr'><strong>copiose</strong></span> <span class='ocrx_word' id='word_1_149' title='bbox 825 1646 885 1691; x_wconf 91' lang='lat' dir='ltr'><strong>de</strong></span> <span class='ocrx_word' id='word_1_150' title='bbox 915 1646 1097 1691; x_wconf 85' lang='lat' dir='ltr'><strong>morbo</strong></span> <span class='ocrx_word' id='word_1_151' title='bbox 1136 1642 1389 1690; x_wconf 81' lang='lat' dir='ltr'><strong>affectuve</strong></span> <span class='ocrx_word' id='word_1_152' title='bbox 1424 1644 1535 1691; x_wconf 84' lang='lat' dir='ltr'><strong>irae</strong></span> <span class='ocrx_word' id='word_1_153' title='bbox 1568 1642 1917 1698; x_wconf 70' lang='lat' dir='ltr'><strong>disseruisset,</strong></span> 
     </span>
     <span class='ocr_line' id='line_1_22' title="bbox 319 1710 1918 1772; baseline -0.003 -12"><span class='ocrx_word' id='word_1_154' title='bbox 319 1728 452 1772; x_wconf 87' lang='lat' dir='ltr'><strong>quae</strong></span> <span class='ocrx_word' id='word_1_155' title='bbox 471 1714 597 1760; x_wconf 87' lang='lat' dir='ltr'><strong>etin</strong></span> <span class='ocrx_word' id='word_1_156' title='bbox 617 1714 850 1759; x_wconf 85' lang='lat' dir='ltr'><strong>veterum</strong></span> <span class='ocrx_word' id='word_1_157' title='bbox 869 1711 1018 1757; x_wconf 83' lang='lat' dir='ltr'><strong>libris</strong></span> <span class='ocrx_word' id='word_1_158' title='bbox 1037 1714 1091 1757; x_wconf 86' lang='lat' dir='ltr'><strong>et</strong></span> <span class='ocrx_word' id='word_1_159' title='bbox 1110 1710 1165 1756; x_wconf 88' lang='lat' dir='ltr'><strong>iu</strong></span> <span class='ocrx_word' id='word_1_160' title='bbox 1181 1711 1343 1769; x_wconf 82' lang='lat' dir='ltr'><strong>ipsius</strong></span> <span class='ocrx_word' id='word_1_161' title='bbox 1364 1710 1741 1757; x_wconf 84' lang='lat' dir='ltr'><strong>commentariis</strong></span> <span class='ocrx_word' id='word_1_162' title='bbox 1750 1723 1918 1767; x_wconf 82' lang='lat' dir='ltr'><strong>expo-</strong></span> 
     </span>
     <span class='ocr_line' id='line_1_23' title="bbox 319 1778 1919 1838; baseline -0.004 -11"><span class='ocrx_word' id='word_1_163' title='bbox 319 1782 424 1827; x_wconf 85' lang='lat' dir='ltr'><strong>sita</strong></span> <span class='ocrx_word' id='word_1_164' title='bbox 449 1782 590 1826; x_wconf 84' lang='lat' dir='ltr'><strong>sunt:</strong></span> <span class='ocrx_word' id='word_1_165' title='bbox 631 1779 998 1838; x_wconf 84' lang='lat' dir='ltr'><strong>convertit[url</strong></span> <span class='ocrx_word' id='word_1_166' title='bbox 1027 1779 1092 1824; x_wconf 87' lang='lat' dir='ltr'><strong>ad</strong></span> <span class='ocrx_word' id='word_1_167' title='bbox 1110 1792 1214 1835; x_wconf 89' lang='lat' dir='ltr'><strong>me,</strong></span> <span class='ocrx_word' id='word_1_168' title='bbox 1243 1778 1329 1835; x_wconf 88' lang='lat' dir='ltr'><strong>qui</strong></span> <span class='ocrx_word' id='word_1_169' title='bbox 1350 1778 1811 1837; x_wconf 83' lang='lat' dir='ltr'><strong>interrogaveram,</strong></span> <span class='ocrx_word' id='word_1_170' title='bbox 1842 1780 1919 1823; x_wconf 84' lang='lat' dir='ltr'><strong>et:</strong></span> 
     </span>
     <span class='ocr_line' id='line_1_24' title="bbox 317 1844 1919 1907; baseline -0.004 -12"><span class='ocrx_word' id='word_1_171' title='bbox 317 1850 460 1895; x_wconf 85' lang='lat' dir='ltr'><strong>Haec</strong></span> <span class='ocrx_word' id='word_1_172' title='bbox 469 1846 770 1907; x_wconf 81' lang='lat' dir='ltr'><strong>ego,inq.uit,</strong></span> <span class='ocrx_word' id='word_1_173' title='bbox 781 1859 836 1891; x_wconf 88' lang='lat' dir='ltr'><strong>su</strong></span> <span class='ocrx_word' id='word_1_174' title='bbox 844 1860 932 1905; x_wconf 84' lang='lat' dir='ltr'><strong>per</strong></span> <span class='ocrx_word' id='word_1_175' title='bbox 945 1846 1213 1891; x_wconf 77' lang='lat' dir='ltr'><strong>irascendo</strong></span> <span class='ocrx_word' id='word_1_176' title='bbox 1226 1844 1414 1892; x_wconf 84' lang='lat' dir='ltr'><strong>sentio.</strong></span> <span class='ocrx_word' id='word_1_177' title='bbox 1428 1846 1580 1891; x_wconf 78' lang='lat' dir='ltr'><strong>4.Sed</strong></span> <span class='ocrx_word' id='word_1_178' title='bbox 1592 1844 1785 1904; x_wconf 87' lang='lat' dir='ltr'><strong>et,quid</strong></span> <span class='ocrx_word' id='word_1_179' title='bbox 1794 1844 1919 1890; x_wconf 88' lang='lat' dir='ltr'><strong>Plu-</strong></span> 
     </span>
     <span class='ocr_line' id='line_1_25' title="bbox 303 1912 1920 1973; baseline -0.002 -12"><span class='ocrx_word' id='word_1_180' title='bbox 303 1916 528 1973; x_wconf 78' lang='lat' dir='ltr'><strong>&#39;tarchus</strong></span> <span class='ocrx_word' id='word_1_181' title='bbox 555 1916 754 1971; x_wconf 86' lang='lat' dir='ltr'><strong>noster,</strong></span> <span class='ocrx_word' id='word_1_182' title='bbox 787 1914 868 1959; x_wconf 89' lang='lat' dir='ltr'><strong>vir</strong></span> <span class='ocrx_word' id='word_1_183' title='bbox 895 1912 1223 1959; x_wconf 82' lang='lat' dir='ltr'><strong>doctissimus</strong></span> <span class='ocrx_word' id='word_1_184' title='bbox 1244 1924 1313 1958; x_wconf 87' lang='lat' dir='ltr'><strong>ac.</strong></span> <span class='ocrx_word' id='word_1_185' title='bbox 1324 1912 1772 1970; x_wconf 82' lang='lat' dir='ltr'><strong>prudentissimus,</strong></span> <span class='ocrx_word' id='word_1_186' title='bbox 1802 1924 1920 1957; x_wconf 87' lang='lat' dir='ltr'><strong>sen-</strong></span> 
     </span>
     <span class='ocr_line' id='line_1_26' title="bbox 318 1978 1920 2039; baseline -0.005 -9"><span class='ocrx_word' id='word_1_187' title='bbox 318 1982 463 2039; x_wconf 86' lang='lat' dir='ltr'><strong>serit,</strong></span> <span class='ocrx_word' id='word_1_188' title='bbox 485 1996 590 2029; x_wconf 87' lang='lat' dir='ltr'><strong>non</strong></span> <span class='ocrx_word' id='word_1_189' title='bbox 614 1982 676 2027; x_wconf 88' lang='lat' dir='ltr'><strong>ab</strong></span> <span class='ocrx_word' id='word_1_190' title='bbox 695 1994 752 2025; x_wconf 90' lang='lat' dir='ltr'><strong>re</strong></span> <span class='ocrx_word' id='word_1_191' title='bbox 771 1984 870 2035; x_wconf 84' lang='lat' dir='ltr'><strong>est,</strong></span> <span class='ocrx_word' id='word_1_192' title='bbox 889 1983 949 2025; x_wconf 89' lang='lat' dir='ltr'><strong>ut</strong></span> <span class='ocrx_word' id='word_1_193' title='bbox 967 1979 1022 2025; x_wconf 90' lang='lat' dir='ltr'><strong>id</strong></span> <span class='ocrx_word' id='word_1_194' title='bbox 1041 1992 1243 2037; x_wconf 87' lang='lat' dir='ltr'><strong>quoque</strong></span> <span class='ocrx_word' id='word_1_195' title='bbox 1262 1979 1459 2025; x_wconf 84' lang='lat' dir='ltr'><strong>audias.</strong></span> <span class='ocrx_word' id='word_1_196' title='bbox 1518 1984 1565 2026; x_wconf 85' lang='lat'><strong>5.</strong></span> <span class='ocrx_word' id='word_1_197' title='bbox 1595 1978 1920 2031; x_wconf 75' lang='lat' dir='ltr'><strong>Plutarchus,</strong></span> 
     </span>
     <span class='ocr_line' id='line_1_27' title="bbox 319 2046 1921 2109; baseline -0.005 -10"><span class='ocrx_word' id='word_1_198' title='bbox 319 2050 513 2109; x_wconf 87' lang='lat' dir='ltr'><strong>inquit,</strong></span> <span class='ocrx_word' id='word_1_199' title='bbox 545 2062 696 2097; x_wconf 88' lang='lat' dir='ltr'><strong>servo</strong></span> <span class='ocrx_word' id='word_1_200' title='bbox 719 2062 839 2105; x_wconf 86' lang='lat' dir='ltr'><strong>suo,</strong></span> <span class='ocrx_word' id='word_1_201' title='bbox 868 2058 1088 2104; x_wconf 85' lang='lat' dir='ltr'><strong>nequam</strong></span> <span class='ocrx_word' id='word_1_202' title='bbox 1108 2046 1299 2093; x_wconf 87' lang='lat' dir='ltr'><strong>bomini</strong></span> <span class='ocrx_word' id='word_1_203' title='bbox 1322 2049 1373 2093; x_wconf 87' lang='lat' dir='ltr'><strong>et</strong></span> <span class='ocrx_word' id='word_1_204' title='bbox 1400 2048 1711 2104; x_wconf 77' lang='lat' dir='ltr'><strong>contumaci,</strong></span> <span class='ocrx_word' id='word_1_205' title='bbox 1740 2046 1829 2092; x_wconf 86' lang='lat' dir='ltr'><strong>sed</strong></span> <span class='ocrx_word' id='word_1_206' title='bbox 1851 2046 1921 2091; x_wconf 91' lang='lat' dir='ltr'><strong>li-</strong></span> 
     </span>
     <span class='ocr_line' id='line_1_28' title="bbox 316 2112 1919 2177; baseline -0.006 -11"><span class='ocrx_word' id='word_1_207' title='bbox 316 2118 426 2167; x_wconf 84' lang='lat' dir='ltr'><strong>bris</strong></span> <span class='ocrx_word' id='word_1_208' title='bbox 456 2116 992 2177; x_wconf 73' lang='lat' dir='ltr'><strong>disputationibusque</strong></span> <span class='ocrx_word' id='word_1_209' title='bbox 1025 2112 1379 2173; x_wconf 82' lang='lat' dir='ltr'><strong>philosophiae</strong></span> <span class='ocrx_word' id='word_1_210' title='bbox 1408 2127 1559 2161; x_wconf 85' lang='lat' dir='ltr'><strong>aures</strong></span> <span class='ocrx_word' id='word_1_211' title='bbox 1586 2114 1803 2161; x_wconf 83' lang='lat' dir='ltr'><strong>imbutas</strong></span> <span class='ocrx_word' id='word_1_212' title='bbox 1825 2114 1919 2157; x_wconf 87' lang='lat' dir='ltr'><strong>ha·-</strong></span> 
     </span>
     <span class='ocr_line' id='line_1_29' title="bbox 317 2181 1919 2239; baseline -0.004 -7"><span class='ocrx_word' id='word_1_213' title='bbox 317 2186 474 2239; x_wconf 83' lang='lat' dir='ltr'><strong>benti,</strong></span> <span class='ocrx_word' id='word_1_214' title='bbox 495 2185 722 2233; x_wconf 84' lang='lat' dir='ltr'><strong>tunicam</strong></span> <span class='ocrx_word' id='word_1_215' title='bbox 744 2181 942 2228; x_wconf 83' lang='lat' dir='ltr'><strong>detrahi</strong></span> <span class='ocrx_word' id='word_1_216' title='bbox 963 2183 1026 2227; x_wconf 86' lang='lat' dir='ltr'><strong>ob</strong></span> <span class='ocrx_word' id='word_1_217' title='bbox 1045 2181 1222 2227; x_wconf 88' lang='lat' dir='ltr'><strong>nescio</strong></span> <span class='ocrx_word' id='word_1_218' title='bbox 1243 2182 1378 2239; x_wconf 84' lang='lat' dir='ltr'><strong>quod</strong></span> <span class='ocrx_word' id='word_1_219' title='bbox 1398 2182 1655 2236; x_wconf 76' lang='lat' dir='ltr'><strong>delictum,</strong></span> <span class='ocrx_word' id='word_1_220' title='bbox 1669 2181 1919 2237; x_wconf 74' lang='lat' dir='ltr'><strong>caedique</strong></span> 
     </span>
     <span class='ocr_line' id='line_1_30' title="bbox 319 2248 1918 2306; baseline -0.006 -6"><span class='ocrx_word' id='word_1_221' title='bbox 319 2268 432 2300; x_wconf 90' lang='lat' dir='ltr'><strong>eum</strong></span> <span class='ocrx_word' id='word_1_222' title='bbox 459 2253 575 2299; x_wconf 85' lang='lat' dir='ltr'><strong>loro</strong></span> <span class='ocrx_word' id='word_1_223' title='bbox 603 2250 771 2297; x_wconf 86' lang='lat' dir='ltr'><strong>iussit.</strong></span> <span class='ocrx_word' id='word_1_224' title='bbox 843 2252 888 2293; x_wconf 81' lang='lat'><strong>6.</strong></span> <span class='ocrx_word' id='word_1_225' title='bbox 926 2250 1178 2306; x_wconf 86' lang='lat' dir='ltr'><strong>Coeperat</strong></span> <span class='ocrx_word' id='word_1_226' title='bbox 1202 2248 1490 2305; x_wconf 80' lang='lat' dir='ltr'><strong>verberari-3</strong></span> <span class='ocrx_word' id='word_1_227' title='bbox 1529 2248 1918 2306; x_wconf 69' lang='lat' dir='ltr'><strong>obloquebatur,</strong></span> 
     </span>
     <span class='ocr_line' id='line_1_31' title="bbox 315 2314 1919 2373; baseline -0.005 -7"><span class='ocrx_word' id='word_1_228' title='bbox 315 2334 422 2366; x_wconf 89' lang='grc' dir='ltr'><strong>ιιοιι</strong></span> <span class='ocrx_word' id='word_1_229' title='bbox 451 2319 726 2373; x_wconf 79' lang='lat' dir='ltr'><strong>memisse,</strong></span> <span class='ocrx_word' id='word_1_230' title='bbox 763 2318 820 2362; x_wconf 89' lang='lat' dir='ltr'><strong>ut</strong></span> <span class='ocrx_word' id='word_1_231' title='bbox 838 2316 1069 2373; x_wconf 73' lang='lat' dir='ltr'><strong>vapulet,</strong></span> <span class='ocrx_word' id='word_1_232' title='bbox 1107 2315 1235 2361; x_wconf 85' lang='lat' dir='ltr'><strong>nihil</strong></span> <span class='ocrx_word' id='word_1_233' title='bbox 1262 2314 1413 2373; x_wconf 84' lang='lat' dir='ltr'><strong>mali,</strong></span> <span class='ocrx_word' id='word_1_234' title='bbox 1440 2314 1573 2361; x_wconf 85' lang='lat' dir='ltr'><strong>nihil</strong></span> <span class='ocrx_word' id='word_1_235' title='bbox 1594 2314 1804 2361; x_wconf 76' lang='lat' dir='ltr'><strong>socieris</strong></span> <span class='ocrx_word' id='word_1_236' title='bbox 1826 2314 1919 2358; x_wconf 84' lang='lat' dir='ltr'><strong>ad-</strong></span> 
     </span>
     <span class='ocr_line' id='line_1_32' title="bbox 315 2381 1919 2441; baseline -0.005 -8"><span class='ocrx_word' id='word_1_237' title='bbox 315 2386 542 2433; x_wconf 81' lang='lat' dir='ltr'><strong>misisse.</strong></span> <span class='ocrx_word' id='word_1_238' title='bbox 617 2387 663 2432; x_wconf 77' lang='lat'><strong>7.</strong></span> <span class='ocrx_word' id='word_1_239' title='bbox 701 2384 966 2429; x_wconf 86' lang='lat' dir='ltr'><strong>Postremo</strong></span> <span class='ocrx_word' id='word_1_240' title='bbox 997 2381 1279 2430; x_wconf 79' lang='lat' dir='ltr'><strong>vociferari</strong></span> <span class='ocrx_word' id='word_1_241' title='bbox 1306 2382 1445 2428; x_wconf 85' lang='lat' dir='ltr'><strong>inter</strong></span> <span class='ocrx_word' id='word_1_242' title='bbox 1474 2382 1818 2441; x_wconf 83' lang='lat' dir='ltr'><strong>vapulandum</strong></span> <span class='ocrx_word' id='word_1_243' title='bbox 1838 2381 1919 2425; x_wconf 86' lang='lat' dir='ltr'><strong>in-</strong></span> 
     </span>
     <span class='ocr_line' id='line_1_33' title="bbox 317 2448 1918 2511; baseline -0.004 -11"><span class='ocrx_word' id='word_1_244' title='bbox 317 2454 475 2511; x_wconf 84' lang='lat' dir='ltr'><strong>cipit:</strong></span> <span class='ocrx_word' id='word_1_245' title='bbox 525 2466 690 2510; x_wconf 86' lang='lat' dir='ltr'><strong>ncque</strong></span> <span class='ocrx_word' id='word_1_246' title='bbox 719 2450 820 2497; x_wconf 84' lang='lat' dir='ltr'><strong>iam</strong></span> <span class='ocrx_word' id='word_1_247' title='bbox 845 2449 1195 2508; x_wconf 79' lang='lat' dir='ltr'><strong>querimonias</strong></span> <span class='ocrx_word' id='word_1_248' title='bbox 1224 2452 1313 2495; x_wconf 85' lang='lat' dir='ltr'><strong>aut</strong></span> <span class='ocrx_word' id='word_1_249' title='bbox 1340 2448 1565 2507; x_wconf 82' lang='lat' dir='ltr'><strong>gemitus</strong></span> <span class='ocrx_word' id='word_1_250' title='bbox 1591 2448 1918 2506; x_wconf 85' lang='lat' dir='ltr'><strong>eiulatusque</strong></span> 
     </span>
     <span class='ocr_line' id='line_1_34' title="bbox 317 2516 1915 2578; baseline -0.003 -12"><span class='ocrx_word' id='word_1_251' title='bbox 317 2522 512 2578; x_wconf 85' lang='lat' dir='ltr'><strong>facere,</strong></span> <span class='ocrx_word' id='word_1_252' title='bbox 563 2520 652 2565; x_wconf 91' lang='lat' dir='ltr'><strong>sed</strong></span> <span class='ocrx_word' id='word_1_253' title='bbox 685 2520 843 2565; x_wconf 76' lang='lat' dir='ltr'><strong>verba</strong></span> <span class='ocrx_word' id='word_1_254' title='bbox 879 2517 1016 2565; x_wconf 86' lang='lat' dir='ltr'><strong>seria</strong></span> <span class='ocrx_word' id='word_1_255' title='bbox 1051 2520 1106 2563; x_wconf 93' lang='lat' dir='ltr'><strong>et</strong></span> <span class='ocrx_word' id='word_1_256' title='bbox 1132 2516 1511 2575; x_wconf 82' lang='lat' dir='ltr'><strong>obiurgatoria:</strong></span> <span class='ocrx_word' id='word_1_257' title='bbox 1556 2519 1674 2563; x_wconf 78' lang='lat' dir='ltr'><strong>Non</strong></span> <span class='ocrx_word' id='word_1_258' title='bbox 1700 2516 1775 2562; x_wconf 86' lang='lat' dir='ltr'><strong>ita</strong></span> <span class='ocrx_word' id='word_1_259' title='bbox 1800 2529 1915 2561; x_wconf 84' lang='lat' dir='ltr'><strong>esse</strong></span> 
     </span>
     <span class='ocr_line' id='line_1_35' title="bbox 315 2583 1913 2644; baseline -0.001 -12"><span class='ocrx_word' id='word_1_260' title='bbox 315 2587 660 2644; x_wconf 83' lang='lat' dir='ltr'><strong>Plutarchum,</strong></span> <span class='ocrx_word' id='word_1_261' title='bbox 689 2590 746 2632; x_wconf 84' lang='lat' dir='ltr'><strong>ut</strong></span> <span class='ocrx_word' id='word_1_262' title='bbox 766 2585 982 2643; x_wconf 87' lang='lat' dir='ltr'><strong>diceret;</strong></span> <span class='ocrx_word' id='word_1_263' title='bbox 1021 2584 1388 2643; x_wconf 79' lang='lat' dir='ltr'><strong>philosophum</strong></span> <span class='ocrx_word' id='word_1_264' title='bbox 1406 2583 1581 2637; x_wconf 83' lang='lat' dir='ltr'><strong>irasci,</strong></span> <span class='ocrx_word' id='word_1_265' title='bbox 1607 2588 1755 2643; x_wconf 80' lang='lat' dir='ltr'><strong>turpe</strong></span> <span class='ocrx_word' id='word_1_266' title='bbox 1774 2597 1913 2631; x_wconf 85' lang='lat' dir='ltr'><strong>esse:</strong></span> 
     </span>
     <span class='ocr_line' id='line_1_36' title="bbox 319 2651 1912 2711; baseline 0 -12"><span class='ocrx_word' id='word_1_267' title='bbox 319 2667 470 2711; x_wconf 81' lang='lat' dir='ltr'><strong>saepe</strong></span> <span class='ocrx_word' id='word_1_268' title='bbox 498 2668 610 2701; x_wconf 90' lang='lat' dir='ltr'><strong>eum</strong></span> <span class='ocrx_word' id='word_1_269' title='bbox 639 2654 700 2701; x_wconf 89' lang='lat' dir='ltr'><strong>de</strong></span> <span class='ocrx_word' id='word_1_270' title='bbox 726 2654 860 2699; x_wconf 86' lang='lat' dir='ltr'><strong>malo</strong></span> <span class='ocrx_word' id='word_1_271' title='bbox 889 2652 1000 2698; x_wconf 88' lang='lat' dir='ltr'><strong>irae</strong></span> <span class='ocrx_word' id='word_1_272' title='bbox 1031 2651 1445 2697; x_wconf 84' lang='lat' dir='ltr'><strong>edissertavisse:</strong></span> <span class='ocrx_word' id='word_1_273' title='bbox 1491 2651 1679 2697; x_wconf 86' lang='lat' dir='ltr'><strong>librum</strong></span> <span class='ocrx_word' id='word_1_274' title='bbox 1707 2666 1912 2709; x_wconf 85' lang='lat' dir='ltr'><strong>quoque</strong></span> 
     </span>
     <span class='ocr_line' id='line_1_37' title="bbox 313 2714 1909 2783; baseline -0.001 -18"><span class='ocrx_word' id='word_1_275' title='bbox 313 2718 431 2780; x_wconf 75' lang='grc' dir='ltr'><strong>περὶ</strong></span> <span class='ocrx_word' id='word_1_276' title='bbox 465 2714 742 2783; x_wconf 69' lang='grc' dir='ltr'><strong><em>ἄοργησίας</em></strong></span> <span class='ocrx_word' id='word_1_277' title='bbox 776 2720 1176 2778; x_wconf 84' lang='lat' dir='ltr'><strong>pulcherrimum</strong></span> <span class='ocrx_word' id='word_1_278' title='bbox 1212 2718 1607 2777; x_wconf 83' lang='lat' dir='ltr'><strong>conscripsisse;</strong></span> <span class='ocrx_word' id='word_1_279' title='bbox 1645 2719 1713 2765; x_wconf 84' lang='lat' dir='ltr'><strong>iis</strong></span> <span class='ocrx_word' id='word_1_280' title='bbox 1740 2720 1909 2765; x_wconf 88' lang='lat' dir='ltr'><strong>omni-</strong></span> 
     </span>
     <span class='ocr_line' id='line_1_38' title="bbox 316 2786 2111 3049; baseline 0 -217"><span class='ocrx_word' id='word_1_281' title='bbox 316 2788 424 2845; x_wconf 85' lang='lat' dir='ltr'><strong>bus,</strong></span> <span class='ocrx_word' id='word_1_282' title='bbox 445 2801 570 2845; x_wconf 82' lang='lat' dir='ltr'><strong>quae</strong></span> <span class='ocrx_word' id='word_1_283' title='bbox 589 2789 643 2835; x_wconf 87' lang='lat' dir='ltr'><strong>in</strong></span> <span class='ocrx_word' id='word_1_284' title='bbox 661 2802 726 2836; x_wconf 91' lang='lat' dir='ltr'><strong>eo</strong></span> <span class='ocrx_word' id='word_1_285' title='bbox 745 2786 880 2834; x_wconf 88' lang='lat' dir='ltr'><strong>libro</strong></span> <span class='ocrx_word' id='word_1_286' title='bbox 901 2787 1097 2845; x_wconf 82' lang='lat' dir='ltr'><strong>scripta</strong></span> <span class='ocrx_word' id='word_1_287' title='bbox 1117 2789 1251 2843; x_wconf 86' lang='lat' dir='ltr'><strong>sunt,</strong></span> <span class='ocrx_word' id='word_1_288' title='bbox 1272 2798 1589 2843; x_wconf 84' lang='lat' dir='ltr'><strong>nequaquam</strong></span> <span class='ocrx_word' id='word_1_289' title='bbox 1608 2786 1905 2844; x_wconf 79' lang='lat' dir='ltr'><strong>convenire,</strong></span> <span class='ocrx_word' id='word_1_290' title='bbox 2082 2818 2111 3049; x_wconf 28' lang='lat' dir='ltr'><em>W</em></span> 
     </span>
    </p>
   </div>
   <div class='ocr_carea' id='block_1_8' title="bbox 2109 105 2111 1292">
    <p class='ocr_par' dir='ltr' id='par_1_10' title="bbox 2109 105 2111 1292">
     <span class='ocr_line' id='line_1_39' title="bbox 2109 105 2111 1292; baseline 0 0"><span class='ocrx_word' id='word_1_291' title='bbox 2109 105 2111 1292; x_wconf 95' lang='lat' dir='ltr'><strong> </strong></span> 
     </span>
    </p>
   </div>
   <div class='ocr_carea' id='block_1_9' title="bbox 2108 1714 2110 2099">
    <p class='ocr_par' dir='ltr' id='par_1_11' title="bbox 2108 1714 2110 2099">
     <span class='ocr_line' id='line_1_40' title="bbox 2108 1714 2110 2099; baseline 0 0"><span class='ocrx_word' id='word_1_292' title='bbox 2108 1714 2110 2099; x_wconf 95' lang='lat' dir='ltr'><strong> </strong></span> 
     </span>
    </p>
   </div>
   <div class='ocr_carea' id='block_1_10' title="bbox 2082 2180 2115 2773">
    <p class='ocr_par' dir='ltr' id='par_1_12' title="bbox 2082 2180 2115 2773">
     <span class='ocr_line' id='line_1_41' title="bbox 2082 2180 2115 2773; baseline 0 318"><span class='ocrx_word' id='word_1_293' title='bbox 2082 2180 2115 2773; x_wconf 95' lang='lat' dir='ltr'><strong> </strong></span> 
     </span>
    </p>
   </div>
  </div>
 </body>
</html>
