2134 3091
599 181 758 227 Ltss.
805 182 997 227 xvn.
1070 181 1248 226 cAP.
1288 182 1338 226 6.
1672 176 1776 229 385

157 296 400 345 amicitia
418 296 745 353 liberalitati,
776 312 941 355 neque
964 297 1254 344 liberalitas
1275 295 1535 343 amicitiae
1557 298 1776 355 praebc-

152 380 213 413 re
255 368 615 423 argumentum
645 367 843 422 potest,
882 380 995 411 cum
1016 364 1078 411 de
1104 368 1324 421 utroque
1346 362 1542 421 pariter
1560 378 1777 421 quaera-

153 440 266 479 tur.
344 436 391 477 9.
426 434 568 477 Haec
597 431 695 477 ille
726 432 1014 479 rhetoricus
1046 432 1244 478 artifex
1273 432 1444 477 dicere
1475 430 1776 487 quibusdam

161 501 446 547 videbatur
466 498 631 557 perite
652 499 704 545 et
724 499 977 546 scienter:
1030 499 1122 545 sed
1149 498 1330 545 videre
1353 498 1506 556 licet,
1549 510 1664 542 eum
1686 510 1775 543 vo-

162 567 355 614 cabula
374 580 542 613 rerum
567 578 691 611 vera
720 566 1064 624 ignoravisse.
1137 566 1218 611 1⁰.
1255 565 1383 611 Nam
1412 564 1692 611 beneficum
1725 568 1780 610 et

164 634 439 679 liberalem
452 633 633 679 Cicero
656 634 901 691 appellat,
922 633 997 679 ita
1016 636 1076 679 ut
1092 632 1390 691 philosophi
1412 630 1776 689 appellandum

164 715 284 747 esse
306 703 539 754 censent,
561 712 663 745 non
684 712 799 745 eum
820 700 925 758 qui,
946 703 1003 747 ut
1020 700 1130 758 ipse
1153 700 1245 757 ait,
1267 698 1514 746 beneficia
1533 698 1777 743 foenera-

165 773 269 825 tur,
294 766 381 813 sed
401 765 487 824 qui
511 765 728 823 benigne
753 767 895 822 facit,
917 767 1065 813 nulla
1085 765 1244 812 tacita
1259 766 1464 813 ratione
1485 765 1550 811 ad
1571 763 1778 811 utilita-

166 839 249 880 tes
281 846 401 879 suas
431 834 765 879 redundante.
841 835 915 879 ll.
952 836 1074 881 Non
1093 846 1218 893 ergo
1240 836 1458 881 obscuro
1479 845 1648 889 neque
1667 836 1778 877 am-'

166 902 328 959 biguo
350 903 650 957 argumento
672 914 796 947 usus
817 903 911 955 est,
934 900 1023 947 sed
1042 904 1183 947 certo
1204 903 1355 957 atque
1374 898 1676 957 perspicuo:
1702 898 1778 943 si-

166 967 392 1025 quidem,
436 966 524 1024 qui
557 980 675 1012 vere
702 968 956 1014 beneficus
982 967 1322 1024 liberalisque
1351 969 1446 1021 est,
1485 978 1584 1022 qua
1603 969 1775 1010 mente

169 1038 303 1081 bene
323 1039 413 1079 aut
434 1034 723 1079 liberaliter
742 1034 917 1088 faciat,
934 1047 1041 1081 non
1060 1034 1344 1091 quaeritur.
1391 1034 1463 1077 ¹2.
1478 1032 1614 1077 Aliis
1635 1032 1775 1078 enim

168 1103 332 1159 longe
354 1101 645 1147 nominibus
667 1101 1006 1159 appellandus
1028 1104 1125 1155 est,
1157 1102 1220 1159 si,
1244 1114 1352 1146 cum
1373 1099 1505 1145 talia
1526 1098 1670 1154 facit,
1691 1099 1775 1143 sui

171 1167 347 1227 potius
378 1181 525 1225 quam
556 1168 773 1214 alterius
797 1166 1007 1214 iuvandi
1042 1180 1198 1213 causa
1223 1166 1368 1213 facit.
1445 1167 1518 1211 13.
1556 1166 1775 1212 Proces-

171 1236 329 1281 sisset
359 1238 531 1281 autem
558 1235 843 1292 argutatori
873 1233 960 1280 isti
1000 1236 1290 1281 fortassean
1327 1232 1690 1289 reprehensio,
1729 1230 1774 1277 si

172 1302 358 1348 Cicero
390 1302 465 1347 ita
486 1300 735 1348 dixisset:
780 1303 830 1347 U
832 1308 853 1347 e
872 1306 1003 1347 em’m
1024 1297 1246 1357 benefice
1267 1301 1660 1359 liberaliterque
1673 1300 1777 1361 fa-

168 1374 352 1424 cimus,
382 1384 481 1414 non
500 1376 557 1413 nt
578 1371 847 1429 exigamus
864 1370 1100 1431 gratiam
1111 1382 1135 1427 ,-
1177 1368 1444 1413 videretur
1465 1366 1598 1414 enim
1619 1366 1774 1411 bene-

168 1437 266 1482 fice
302 1437 488 1488 facere,
534 1435 689 1482 etiam
723 1435 777 1481 in
808 1450 911 1483 non
930 1437 1209 1483 beneficum
1240 1435 1420 1480 cadere
1445 1446 1618 1492 posse,
1655 1432 1699 1478 si
1720 1433 1776 1479 id

171 1517 265 1563 per
286 1502 513 1561 aliquam
530 1503 962 1552 circumstantiam
983 1504 1144 1560 fieret,
1163 1516 1269 1550 non
1289 1515 1383 1562 per
1404 1501 1566 1560 ipsam
1588 1513 1776 1558 perpe-

170 1583 291 1618 tuae
329 1570 667 1630 benignitatis
696 1572 1057 1620 constantiam.
1134 1573 1211 1616 14.
1251 1571 1356 1616 Sed
1385 1582 1496 1616 cum
1516 1568 1774 1614 beneficos

172 1638 519 1697 liberalesque
547 1638 765 1698 dixerit,
803 1653 970 1698 neque
1002 1639 1279 1685 aliusmodi
1313 1637 1402 1684 isti
1441 1638 1585 1697 sunt,
1625 1649 1774 1692 quam

174 1705 325 1752 cuius
348 1718 462 1752 esse
482 1719 573 1751 eos
594 1719 747 1764 supra
768 1707 1014 1764 diximus,
1044 1705 1234 1765 illotis,
1267 1705 1398 1763 quod
1421 1704 1586 1758 aiunt,
1623 1703 1772 1762 pedi-

172 1775 265 1820 bus
286 1775 337 1818 et
362 1772 531 1820 verbis
551 1773 881 1830 reprehendit
900 1772 1190 1820 doctissimi
1212 1772 1310 1819 viri
1332 1771 1637 1818 orationem.

702 1902 1071 1956 CAPUT
1140 1903 1244 1954 vl.

230 1983 409 2027 Falsum
429 1997 529 2035 ene,
556 1989 681 2042 quod
702 1985 885 2028 Verrius
903 1985 1098 2028 Flaccus
1115 1987 1165 2028 in
1185 1986 1407 2028 librorum
1425 1987 1640 2034 seeundo,
1660 1997 1772 2040 qnos

287 2039 349 2082 De.
372 2038 582 2083 Obscuris-
593 2039 664 2083 M.
680 2039 870 2084 Catonis
890 2041 1160 2096 composuit,
1176 2044 1230 2084 «Ie
1245 2054 1372 2083 servo
1389 2039 1632 2095 recepticio
1655 2040 1770 2083 sm·-

278 2102 411 2152 ptnm
430 2095 625 2152 reliquit.

240 2173 285 2218 1.
322 2173 395 2218 M.
437 2173 561 2218 Cato
599 2171 883 2220 Voconiam
920 2173 1086 2232 legem
1125 2171 1369 2232 suadens,
1421 2171 1591 2217 verbis
1625 2171 1772 2226 hisce

174 2253 293 2288 usus
314 2243 419 2284 cst:
461 2238 721 2298 Principio
748 2239 891 2286 nobis
920 2242 1104 2286 mulier
1125 2253 1364 2299 magnam
1385 2239 1551 2284 dotem
1569 2238 1770 2293 attulit,

175 2316 276 2353 team
296 2321 535 2366 maguam
548 2308 827 2366 pecuniam
846 2310 1033 2366 recipit
1048 2339 1061 2363 ‚
1093 2320 1248 2368 quam
1269 2308 1320 2350 in
1341 2307 1446 2352 viri
1457 2309 1771 2364 potestatem

174 2389 270 2420 non
306 2377 579 2420 committit
584 2388 608 2433 ,·
644 2387 761 2420 eam
775 2377 1053 2434 pecuniam
1074 2377 1186 2421 viro
1208 2379 1437 2419 mutuam
1457 2372 1553 2418 dat
1563 2385 1586 2430 ,-
1623 2377 1773 2430 post-

172 2458 233 2487 ea
250 2474 263 2499 ,
300 2442 390 2488 ubi
404 2441 727 2502 iratafacta
748 2449 852 2498 est,
892 2455 1093 2489 servum
1115 2443 1446 2499 recepticium
1466 2442 1664 2487 sectari
1679 2444 1772 2484 at-

172 2507 539 2569 qecaeflagitare
562 2510 731 2555 virum
752 2512 906 2556 iubet.
976 2511 1027 2555 2.
1065 2508 1451 2564 quaerebatur,
1479 2518 1660 2552 servus
1679 2520 1758 2550 re·

170 2579 411 2634 ceptio-ius
430 2576 551 2632 quid
572 2581 725 2624 esset.
780 2577 924 2625 Libri
946 2577 1117 2623 statim
1139 2575 1358 2634 quaesiti
1382 2573 1630 2631 allatique
1653 2575 1773 2618 sunt·

175 2643 343 2689 Verrii
376 2641 553 2690 Flacci
586 2644 661 2691 De
696 2647 939 2692 Obscuris
976 2644 1204 2691 Catonis.
1279 2646 1335 2688 ln
1373 2643 1505 2687 libro
1545 2639 1770 2687 secundo

175 2710 413 2768 scriptum
436 2709 699 2759 inventum
719 2716 821 2776 est,
853 2713 1186 2771 recepticium
1208 2724 1409 2756 servum
1433 2707 1534 2754 dici
1557 2719 1772 2764 nequam

244 2780 284 2823 G
302 2788 330 2823 E
345 2787 374 2823 ι
385 2788 415 2824 ι,
431 2788 447 2822 ι
463 2789 496 2824 u
510 2787 569 2824 s0-
1277 2779 1316 2823 Β
1328 2781 1359 2824 b
