2134 3091
250 206 352 259 442
750 208 963 257 num
1034 208 1352 257 (3131,le

249 342 347 386 que
369 321 547 383 auimi,
567 326 784 384 quicum
806 324 1251 374 inmoderatiores
1272 330 1417 388 sunt,
1452 328 1582 375 vitia
1602 328 1747 388 flunt,
1770 328 1852 374 in-

248 408 419 442 nexos
439 395 829 454 implicato-que
851 407 963 439 esse
984 393 1251 451 vigoribus
1282 394 1584 452 quibusdam
1603 396 1849 441 mentium

253 465 305 508 et
325 462 707 519 alacritatibus3
779 464 826 506 5.
848 473 909 506 ac
932 463 1224 518 propterea,
1257 461 1302 506 si
1322 462 1535 509 omnino
1558 476 1736 509 omnes
1759 475 1852 508 eos

250 528 543 588 imperitius
566 526 941 581 convellamus,
983 526 1271 584 periculum
1302 540 1438 583 esse,
1475 542 1540 575 ne
1565 528 1640 575 eis
1661 528 1852 575 adhue-

250 598 426 642 reutes
448 596 606 641 bonas
628 608 827 653 quoque
860 596 911 639 et
940 593 1097 639 utiles
1118 593 1276 639 animi
1308 593 1510 641 indoles
1541 595 1852 641 mittamus.

250 664 300 709 6.
337 661 684 708 Moderandos
706 673 822 707 esse
844 660 1029 718 igitur,
1060 663 1113 707 et
1132 660 1261 706 scite
1284 654 1710 718 considerateque
1731 674 1854 719 pur-

250 729 451 788 gandos
471 730 731 785 censebat,
750 729 811 772 ut
828 738 887 773 ea
907 729 1121 785 tantum,
1138 740 1267 784 quae
1290 728 1463 773 aliena
1483 730 1619 785 sunt,
1643 731 1855 773 eontra-

252 810 353 853 que
374 798 609 841 naturam
629 794 893 851 videntur,
916 796 969 838 et
990 806 1103 838 cum
1125 793 1354 851 pernicie
1375 788 1564 852 agnata
1599 796 1739 852 suut,
1762 794 1854 839 de-

254 861 546 918 trahuntur3
586 874 650 905 ne
672 862 905 919 profecto
926 858 976 905 id
998 859 1225 917 accidat,
1248 860 1384 917 quod
1404 859 1626 919 cuipiam
1649 860 1852 905 Thraco

254 926 525 986 insipienti
559 930 612 974 et
630 926 776 982 rudi,
814 926 871 971 in
896 932 1048 985 agro,
1087 938 1234 983 quem
1250 928 1470 988 emerat,
1507 926 1856 985 procurando,

256 996 461 1043 venisse
499 1008 597 1042 usu
638 994 812 1040 fabula
834 995 930 1039 est.
1001 994 1050 1038 7.
1088 993 1253 1040 Homo
1275 992 1522 1053 Thracus,
1561 993 1744 1051 inquit,
1783 1006 1855 1040 ex

255 1062 439 1109 ultima
455 1062 719 1119 barbaria,
756 1059 892 1106 ruris
922 1060 1128 1105 colendi
1159 1060 1421 1117 insoleus,
1461 1074 1571 1107 eum
1605 1062 1662 1107 iu
1687 1060 1856 1107 terras

255 1128 521 1186 cultiores,
540 1127 859 1175 humanioris
880 1125 1017 1172 vitae
1039 1126 1300 1186 cupidine,
1323 1124 1724 1185 commigrasset,
1737 1129 1857 1173 fun-

255 1194 372 1243 dum
402 1199 655 1243 mercatus
686 1197 782 1248 est,
812 1194 1104 1250 oleaatque
1124 1193 1232 1239 vite
1253 1194 1524 1240 consitum.
1596 1194 1699 1247 Qui
1717 1192 1857 1241 nihil

230 1263 527 1310 ‘admodum
547 1273 702 1320 super
722 1261 827 1307 vite
846 1261 936 1306 aut
954 1260 1139 1306 arbore
1160 1260 1380 1307 colenda
1398 1260 1722 1317 sciret,videt
1743 1262 1856 1307 for-

252 1332 304 1376 te
325 1329 551 1377 vicinum
590 1330 746 1375 rubos
783 1328 889 1373 late
924 1328 1080 1383 atque
1118 1327 1224 1373 alte
1262 1330 1470 1374 obortas
1508 1328 1855 1383 excidentem,

254 1396 489 1446 fraxinos
510 1395 574 1443 ad
592 1408 841 1441 summum
858 1405 1023 1452 prope
1050 1393 1295 1440 verticem
1323 1394 1666 1453 deputantem,
1699 1396 1857 1440 subo-

252 1463 331 1509 les
353 1462 533 1508 vitium
565 1475 592 1506 e
619 1461 879 1508 radicibus
905 1460 1174 1507 caudicum
1200 1473 1354 1520 super
1381 1465 1570 1507 terram
1600 1463 1741 1507 fusas
1769 1474 1856 1507 re·-

252 1530 550 1588 vellentem,
576 1529 810 1575 stolones
830 1529 884 1574 in
903 1528 1072 1587 pomis
1091 1531 1180 1575 aut
1201 1527 1254 1575 iu
1276 1528 1412 1575 oleis
1433 1538 1676 1586 proceros
1697 1530 1853 1586 atque

253 1597 491 1643 decretos
509 1599 879 1653 amputantem:
916 1595 1218 1654 acceditque
1246 1607 1431 1654 prope,
1469 1599 1523 1641 et
1551 1607 1642 1641 cm·
1659 1600 1856 1642 tantam

252 1663 383 1727 ligni
420 1665 570 1720 utque
603 1661 862 1708 frondium
894 1661 1099 1708 eaedem
1133 1663 1348 1718 faceret,
1386 1664 1717 1720 percontatus
1755 1667 1853 1709 est.

252 1734 301 1777 8.
339 1729 406 1776 Et
438 1728 641 1776 vicinus
668 1727 743 1774 ita
770 1727 1065 1786 respondit:
1119 1731 1186 1775 Ut
1213 1742 1364 1788 ager,
1401 1727 1595 1786 inquit,
1631 1730 1853 1776 mundus

251 1809 515 1856 purusque
546 1797 659 1854 flat,
678 1794 893 1852 eiusque
914 1796 1070 1841 arbor
1087 1799 1237 1852 atque
1257 1795 1381 1842 vitis
1406 1795 1730 1842 foecundior.
1803 1799 1853 1843 9.

245 1865 482 1912 Discedit
514 1863 611 1909 ilie
641 1875 671 1909 a
690 1862 863 1908 vicino
886 1863 1079 1918 gratius
1111 1874 1296 1922 agens,
1319 1866 1372 1908 et
1392 1863 1585 1918 laet-us,
1606 1865 1853 1919 tanquam

248 1931 462 1990 adeptus
498 1930 579 1976 rei
616 1929 847 1976 rusticae
886 1927 1232 1986 disciplinam.
1305 1931 1436 1976 Tum
1479 1929 1665 1976 falcem
1688 1929 1762 1976 ibi
1789 1942 1854 1976 ac

249 1998 464 2046 securim
488 1996 647 2055 capit;
670 2000 823 2054 utque
843 1993 915 2042 ibi
936 1996 1090 2042 homo
1109 1997 1267 2043 miser
1286 1997 1554 2055 imperitus
1574 1996 1708 2042 vites
1730 2009 1852 2042 suus

246 2064 344 2111 sibi
366 2078 541 2113 omnes
570 2065 622 2110 et
654 2065 799 2111 oleas
832 2062 1129 2120 detruncat3
1171 2077 1440 2120 comasque
1473 2063 1713 2110 arborum
1740 2063 1855 2110 lae-

246 2133 473 2180 tissimus
488 2163 503 2190 ‚
544 2131 929 2188 uberrimosque
946 2129 1135 2176 vitium
1157 2130 1398 2188 palmites
1419 2129 1628 2187 decidit,
1663 2132 1715 2176 et
1735 2131 1855 2176 fru-

246 2201 381 2245 tecta
399 2203 551 2256 utque
572 2198 797 2256 virgulta
816 2197 971 2243 simul
994 2197 1168 2243 omnia
1181 2229 1194 2256 ‚
1229 2196 1395 2255 pomis
1415 2197 1750 2255 frugibusque
1771 2195 1856 2256 gi-

244 2266 463 2324 gnendis
484 2264 686 2320 felicia,
712 2277 825 2310 eum
858 2263 1091 2310 sentibus
1121 2267 1175 2309 et
1199 2264 1366 2322 rubis,
1404 2263 1708 2322 purificandi
1737 2263 1856 2322 agri
1935 2319 1940 2324 ¹

243 2333 428 2390 gratia,
450 2331 726 2388 convellit3
766 2330 902 2377 mala
920 2330 1153 2376 mercede
1185 2330 1368 2377 doetus
1399 2329 1689 2387 audaciam,
1719 2329 1854 2376 fidu-

244 2399 473 2456 ciamque
512 2397 757 2455 peccandi
792 2396 1086 2443 imitatione
1126 2397 1262 2444 falsa
1299 2397 1548 2443 eruditus.
1624 2400 1701 2442 io.
1739 2395 1851 2454 Sic,

243 2465 427 2522 inquit,
470 2464 559 2510 isti
580 2463 817 2520 apathiae
846 2466 1152 2518 sectatores,
1193 2464 1281 2521 qui
1300 2464 1466 2510 videri
1484 2477 1538 2510 se
1569 2475 1682 2510 esse
1703 2467 1853 2510 tran-

247 2529 461 2588 quillos,
500 2533 551 2576 et
579 2529 895 2587 intrepidos,
935 2534 985 2575 et
1004 2528 1294 2577 immobiles
1317 2531 1525 2585 volunt,
1561 2531 1680 2576 dum
1709 2529 1852 2577 nihil

248 2595 485 2656 eupiunt,
524 2595 659 2641 nihil
680 2596 882 2652 dolent,
921 2595 1051 2642 nihii
1083 2599 1402 2654 irascuntur,
1441 2595 1574 2643 nihil
1603 2597 1852 2657 gaudent,

250 2659 486 2706 omnibus
508 2661 907 2708 vehementioris
927 2662 1087 2709 animi
1108 2664 1291 2710 officiis
1311 2663 1615 2722 amputatis,
1653 2665 1708 2711 iu
1729 2676 1853 2710 cor-

247 2735 375 2780 pore
397 2725 614 2783 ignavae
633 2730 687 2773 et
704 2728 849 2786 quasi
872 2733 1150 2778 enervatae
1168 2730 1310 2776 vitae
1335 2732 1728 2778 consenescunt.
