2134 3091
719 215 860 260 Lm.
899 218 921 261 1
1008 219 1166 265 cAP.
1207 222 1288 266 23.
1738 213 1806 266 35

208 329 290 374 21.
337 329 579 376 Cavenda
619 329 787 388 igitur
832 335 911 378 est
948 347 1052 380 non
1093 335 1455 393 improprietas
1494 334 1608 380 sola
1645 335 1812 392 verbi,

208 396 301 442 sed
318 395 475 442 etiam
497 397 725 457 pravitas
746 399 959 456 ominis,
988 401 1033 446 si
1054 403 1169 460 quis
1190 402 1370 449 senior
1387 403 1666 448 advocatus
1685 401 1813 447 ado-

205 461 430 509 lescenti
450 477 717 524 superesse
736 466 965 514 radicat.

616 597 1039 652 .CAPUT
1107 597 1461 650 XX111.'

268 675 383 726 Quis
403 676 571 734 fuerit
583 678 817 736 Papirius
836 680 1196 734 Praetextatus,
1227 695 1396 740 quosve
1416 681 1557 725 istius
1577 695 1722 725 caum
1741 695 1815 724 co-

318 734 558 800 gnome?
570 735 665 801 rit:
701 734 988 794 histos-inqu
1016 738 1118 781 ista
1144 739 1293 782 omna
1321 750 1462 795 super
1493 740 1651 780 eodem
1667 735 1817 794 Papo·-

318 802 389 830 rw
402 795 598 843 cognitu
617 794 839 834 cucumin.

278 865 323 910 l.
347 863 582 912 Historia
602 869 663 914 de
681 867 889 926 Papirio
910 872 1246 917 Praetextato
1266 870 1402 916 dicta
1422 870 1714 928 scriptaque
1734 872 1816 915 est

210 945 241 976 a
267 931 338 976 M.
360 932 556 980 Catone
586 933 639 979 in
668 933 906 984 oratione
918 969 936 993 ‚
972 951 1072 996 qua
1094 949 1214 983 usus
1235 944 1316 984 est
1335 938 1399 983 ad
1417 937 1614 984 milites
1634 941 1818 982 eontra

214 995 449 1056 Galbam,
488 1014 599 1047 eum
628 1001 790 1048 multa
819 1003 1020 1061 quidem
1049 1008 1316 1052 venustate
1344 1009 1494 1063 atque
1524 1005 1640 1051 luce
1661 1008 1814 1061 atque

210 1065 467 1115 munditia
492 1069 782 1114 verborum.
853 1074 902 1116 2.
938 1071 1019 1117 Ea
1047 1071 1260 1134 Catonis
1287 1074 1444 1118 verba
1462 1071 1582 1117 huie
1601 1083 1815 1129 prorsus

212 1135 581 1181 commentario
602 1135 927 1192 indidissem,
957 1137 1003 1184 si
1021 1137 1142 1183 libri
1169 1137 1318 1196 copia
1339 1137 1528 1186 suisset
1548 1137 1598 1183 id
1618 1142 1816 1194 tempo-

210 1201 313 1260 ris,
354 1215 467 1248 eum
491 1201 617 1249 haee
646 1203 858 1250 dictavi.
930 1207 977 1251 3.
1017 1204 1168 1259 Quod
1200 1204 1244 1251 si
1271 1218 1378 1252 non
1401 1205 1621 1251 virtutes
1639 1203 1813 1261 digni-

211 1271 444 1326 tatesque
468 1271 759 1325 verborum,
794 1272 881 1318 sed
909 1285 1015 1318 rem
1051 1272 1212 1330 ipsam
1245 1273 1379 1319 scire
1409 1271 1640 1329 quaeris,
1681 1265 1822 1336 [res]-

212 1336 371 1382 ferme
400 1337 462 1380 ad
494 1335 626 1383 hune
655 1338 855 1384 modum
886 1342 981 1386 eet.
1050 1341 1102 1384 4.
1137 1340 1253 1384 Mos
1291 1342 1444 1386 antea
1481 1338 1810 1386 senatoribus

208 1402 399 1448 Romae
433 1403 558 1462 fuit,
600 1403 657 1452 in
684 1405 879 1452 curiam
908 1420 1017 1452 cum
1049 1407 1392 1464 praetextatis
1421 1405 1546 1452 filiis
1573 1405 1832 1456 introire„

212 1471 256 1514 5.
290 1469 435 1528 Tunc
456 1469 662 1526 quidem
688 1471 743 1516 in
765 1477 945 1519 senatu
966 1486 1049 1520 res
1073 1473 1238 1520 maior
1256 1473 1527 1532 quaepiam
1549 1472 1811 1518 consulta-

210 1541 289 1592 ta,
328 1550 485 1595 eaque
506 1536 560 1582 in
583 1537 715 1585 diem
736 1545 999 1599 posterum
1026 1541 1234 1600 prolata
1253 1544 1354 1599 θείς
1394 1540 1716 1600 placuitque,
1757 1541 1815 1585 ut

208 1618 322 1650 eam
350 1618 482 1664 rem,
524 1618 679 1664 super
705 1621 803 1664 qua
832 1608 1230 1667 tractavissent,
1267 1623 1332 1655 ne
1366 1608 1481 1666 quis
1515 1607 1816 1655 enuntiaret

211 1670 355 1729 prius
375 1684 523 1728 quam
555 1672 760 1722 decreta
789 1679 945 1722 esset.
993 1673 1164 1723 Mater
1180 1676 1374 1734 Papirii
1396 1674 1570 1734 pueri,
1592 1674 1680 1733 qui
1700 1688 1814 1719 cum

208 1744 421 1795 parente
443 1751 539 1785 suo
559 1737 615 1785 in
636 1741 778 1787 curia
800 1744 997 1801 fuerat,
1026 1745 1330 1801 percontata
1350 1748 1430 1789 est
1448 1741 1606 1788 fllium
1619 1777 1632 1801 ‚
1662 1740 1814 1799 quid-

208 1804 401 1851 namin
428 1810 613 1851 senatu
630 1807 808 1855 Patres
833 1809 1080 1867 egissent.
1151 1813 1199 1857 6.
1237 1811 1373 1855 Puer
1397 1810 1689 1867 respondit,
1729 1812 1810 1855 ta-

208 1872 421 1918 cendum
440 1885 573 1933 esse,
595 1886 761 1932 neque
781 1875 835 1922 id
855 1875 957 1923 diei
977 1877 1154 1923 licere.
1226 1880 1273 1922 7.
1309 1877 1502 1924 Mulier
1522 1878 1575 1923 fit
1595 1876 1811 1922 audien-

206 1940 260 1985 di
290 1939 546 1997 cupidior.
619 1942 882 1990 Secretum
913 1944 993 1989 rei
1029 1950 1083 1993 et
1111 1944 1376 1991 silentium
1406 1944 1554 2002 pueri
1584 1944 1812 1989 animum

204 2004 319 2053 eius
338 2006 403 2051 ad
422 2007 781 2065 inquirendum
803 2013 1088 2058 everberat.
1131 2010 1348 2066 Quaerit
1369 2011 1528 2069 igitur
1549 2022 1810 2068 compres-

204 2072 315 2119 sius
331 2074 731 2133 violentiusque.
803 2080 850 2123 8.
885 2078 1012 2123 Tum
1033 2092 1179 2138 puer,
1209 2082 1369 2124 matre
1388 2081 1622 2136 urgente,
1644 2076 1810 2134 lepidi

203 2145 357 2197 atque
379 2141 556 2187 festivi
575 2144 828 2190 mendacii
850 2145 1129 2191 eonsilium
1153 2146 1315 2204 capit:
1356 2149 1526 2190 actum
1549 2143 1604 2188 in
1626 2145 1808 2201 senatu

203 2207 355 2265 dicit,
411 2212 583 2255 utrum
623 2208 893 2258 videretur
930 2210 1118 2259 utilius
1160 2225 1328 2270 exque
1370 2210 1636 2269 republica
1669 2222 1805 2264 esse,

200 2287 403 2321 unusne
422 2278 482 2321 ut
500 2276 625 2322 duas
641 2291 713 2323 ux
722 2290 838 2324 ores
858 2278 1085 2337 haberet,
1120 2292 1185 2325 an
1202 2282 1261 2325 ut
1283 2290 1384 2324 una
1403 2278 1538 2336 apud
1560 2278 1689 2323 duos
1711 2291 1808 2322 nu-

200 2345 290 2401 pta
316 2347 473 2389 esset.
545 2348 591 2389 9.
630 2345 741 2392 Hoc
770 2344 868 2391 illa
890 2346 977 2393 ubi
998 2346 1215 2407 audivit,
1235 2346 1409 2392 animo
1430 2344 1804 2403 compavescit3

204 2410 287 2455 lo·-
304 2409 467 2457 -domo
496 2410 761 2468 trepidans
788 2412 1076 2471 egreditur:
1115 2414 1180 2459 ad
1209 2415 1409 2461 ceteras
1429 2416 1694 2459 matronas
1713 2413 1807 2457 de-

203 2476 327 2532 fert,
348 2478 482 2533 quod
501 2478 753 2525 audierat.
813 2480 1135 2527 Perveniunt
1151 2481 1215 2526 ad
1235 2483 1470 2527 senatum
1488 2482 1699 2537 postera
1719 2477 1805 2523 die

201 2545 420 2591 matrum
440 2545 665 2591 familias
681 2551 917 2594 caterva:
946 2547 1275 2594 lacrimantes
1292 2549 1448 2603 atque
1469 2547 1803 2592 obsecrantes

202 2612 380 2668 orant,
416 2624 522 2657 una
546 2612 722 2669 potius
752 2615 810 2659 ut
836 2614 1037 2661 duobus
1065 2620 1228 2674 nupta
1257 2614 1428 2672 lieret,
1467 2626 1616 2671 quam
1636 2615 1694 2657 ut
1709 2612 1804 2658 uni

201 2678 354 2725 duae.
428 2680 505 2723 ll.
548 2679 827 2727 Senatores
854 2681 1206 2740 ingredientes
1225 2681 1280 2727 in
1297 2679 1517 2740 curiam,
1555 2692 1684 2737 quae
1706 2679 1804 2724 illa

196 2744 477 2792 mulierum
496 2743 826 2805 intemperies
846 2750 1035 2808 etquid
1054 2750 1156 2797 sibi
1179 2748 1465 2861 penglaztio
1483 2746 1682 2795 isthaec
1691 2745 1806 2792 vel-
