2134 3091
282 200 382 250 124
776 204 989 252 AULI
1059 202 1376 250 GE1.L11

278 333 395 366 nem
414 320 599 374 autem,
631 332 761 376 quae
780 319 1006 366 maxima
1026 322 1132 376 est,
1159 332 1264 366 nou
1283 331 1466 377 parere
1484 321 1658 378 verba,
1694 319 1781 364 sed
1807 318 1884 365 si..

278 385 515 433 lentium.
588 389 635 430 6.
674 387 873 433 Idcirco
888 421 901 448 ,
942 387 1137 445 inquit,
1178 388 1446 445 poetarum
1466 386 1887 445 sapientissimus

278 453 541 500 auditores
563 452 689 498 illos
709 453 857 499 Ulixi
870 487 889 517 ‚
918 454 1127 499 labores
1147 465 1271 499 suos
1295 452 1648 498 illustrissime
1667 465 1888 499 narran-

277 519 367 579 tis,
389 519 476 566 ubi
495 519 747 576 loquendi
768 519 883 565 finis
906 520 1089 580 factus,
1111 534 1219 565 non
1240 518 1510 566 exsultare
1537 531 1635 565 nee
1653 525 1892 576 strepere

280 601 376 633 nec
394 586 676 633 vociferari
698 586 839 644 facit,
862 586 952 631 sed
974 586 1289 632 consiluisse
1308 585 1583 632 universos
1604 584 1747 643 dicit,
1761 591 1895 643 qua-

282 653 329 699 si
351 653 605 699 attonitos
634 655 687 698 et
716 652 1047 713 obstupidos‚
1092 652 1454 699 delenimentis
1475 652 1678 698 aurium
1695 652 1760 698 ad
1779 650 1895 698 ori-

280 718 428 778 gines
446 733 607 776 usque
627 718 772 765 vocis
793 720 1232 798 permanantibus.

350 780 461 847 [Ὡς
480 779 628 848 ἔφατ’
638 797 654 812 ·
690 783 741 830 οἱ
759 780 815 830 δ’
840 780 940 848 ἄρα
961 779 1144 838 πάντες
1165 777 1295 846 ἀκὴν
1313 783 1545 863 ἐγένοντο
1569 781 1760 849 σιωπῇ·

352 849 640 915 Κηληθμῷ
662 844 717 898 δ’
739 849 949 911 ἔσχοντο
967 851 1098 899 κατὰ
1114 852 1317 915 μέγαρα
1337 845 1586 898 σκιόεντα.
1590 853 1614 910 ]

339 1030 486 1090 super
506 1045 615 1092 equo
636 1031 894 1077 Alexandra·
912 1032 1047 1088 regis,
1071 1033 1444 1091 quiBuceplmms
1463 1035 1727 1091 appellatus
1745 1035 1834 1077 ese.

356 1113 403 1156 l.
442 1111 621 1168 Equus
647 1107 935 1156 Alexandri
962 1107 1106 1166 regis
1129 1113 1186 1156 et
1211 1110 1382 1168 capite
1411 1114 1463 1156 et
1491 1111 1695 1157 nomine
1723 1104 1889 1156 'Buce-

287 1179 470 1238 phalus
499 1177 619 1226 fuit.
686 1179 736 1224 2.
776 1176 979 1222 Emtum
1006 1176 1198 1224 Chares
1227 1178 1439 1235 scripsit
1463 1177 1681 1223 talentis
1712 1176 1888 1222 trede-

288 1246 409 1304 cim,
442 1247 495 1289 et
525 1245 640 1302 regi
668 1242 908 1300 Philippo
938 1241 1205 1290 donatum:
1247 1244 1382 1289 aeris
1407 1245 1574 1290 nostri
1596 1253 1788 1290 summa
1808 1245 1890 1288 est

285 1310 527 1359 sestertia
545 1311 777 1356 trecenta
798 1307 1086 1355 duodecim.
1144 1311 1190 1357 3.
1223 1311 1391 1368 Super
1410 1311 1507 1358 hoc
1525 1324 1657 1368 equo
1679 1310 1888 1368 dignum

284 1377 534 1424 memoria
552 1377 717 1422 visum
734 1407 749 1434 ‚
790 1374 924 1431 quod
937 1405 952 1432 ,
988 1376 1082 1422 ubi
1108 1380 1323 1423 ornatus
1343 1380 1457 1424 erat
1476 1381 1803 1433 armatusque
1823 1376 1887 1422 ad

288 1443 565 1504 proelium,
587 1441 720 1489 haud
740 1453 965 1498 unquam
984 1441 1222 1490 inscendi
1243 1457 1357 1490 sese
1379 1446 1440 1491 ab
1459 1444 1567 1491 alio
1588 1444 1689 1490 nisi
1715 1457 1743 1488 a
1763 1456 1886 1502 rege

286 1523 468 1571 passus
489 1508 575 1556 sit.
645 1511 694 1555 4.
734 1508 791 1555 ld
827 1507 982 1554 etiam
1018 1509 1082 1556 de
1118 1510 1220 1557 isto
1257 1524 1386 1569 equo
1421 1514 1752 1560 memoratum
1785 1513 1886 1557 est:

285 1579 439 1636 quod,
461 1589 576 1623 cum
593 1574 649 1621 in
670 1588 734 1621 eo
754 1574 989 1621 insidens
1008 1577 1327 1636 Alexander,
1361 1579 1498 1627 bello
1521 1579 1717 1633 lndico‚
1739 1580 1792 1623 et
1811 1578 1887 1623 fa-

289 1644 470 1692 cinora
501 1642 699 1688 faciens
730 1641 917 1699 fortia,
956 1642 1009 1688 in
1026 1644 1256 1691 hostium
1277 1658 1489 1691 cuneum
1513 1658 1618 1692 non
1639 1644 1766 1691 satis
1786 1642 1886 1690 sibi

287 1710 566 1771 providens
594 1708 918 1769 immisisset,
958 1711 1307 1769 coniectisque
1328 1712 1556 1770 undique
1578 1712 1632 1757 in
1653 1713 1886 1758 Alexan-

288 1779 435 1823 drum
471 1775 619 1832 telis,
658 1774 958 1823 vulneribus
988 1777 1093 1825 alte
1124 1778 1179 1825 in
1211 1778 1412 1825 cervice
1451 1781 1604 1836 atque
1633 1780 1688 1823 in
1720 1779 1884 1824 latere

286 1858 449 1901 equus
477 1844 743 1901 perfossus
775 1845 884 1889 est.
923 1845 1261 1892 moribundus
1295 1848 1468 1911 tamen
1501 1859 1562 1893 ac
1599 1858 1757 1905 prope
1787 1844 1885 1889 iam

285 1908 568 1968 exsanguis
589 1924 617 1955 e
637 1908 820 1955 mediis
838 1909 1072 1958 hostibus
1091 1926 1260 1971 regem
1283 1912 1612 1967 vivacissimo
1628 1924 1784 1959 cursu
1803 1924 1886 1956 re-

284 1978 428 2025 tulit.
466 1979 645 2036 atque,
682 1976 770 2022 ubi
792 1989 907 2023 eum
929 1981 1079 2025 extra
1101 1980 1206 2026 tela
1229 1978 1507 2040 extulerat,
1544 1979 1692 2025 illico
1715 1976 1886 2025 conci-

285 2044 360 2090 dit
381 2047 449 2104 et,
471 2044 701 2090 domini·
688 2057 787 2089 iam
810 2044 1107 2103 superstitis
1129 2056 1370 2110 securus,
1393 2045 1545 2102 quasi
1569 2059 1684 2107 cum
1704 2056 1884 2091 sensus

280 2112 493 2157 humani
525 2111 719 2158 solatio
756 2111 977 2158 animam
1005 2112 1314 2171 exspiravit.
1379 2110 1435 2158 ’5.
1474 2114 1604 2159 Τιιιιι
1631 2125 1729 2159 rex
1764 2112 1887 2163 Ale·

282 2179 501 2239 xander,
530 2182 677 2237 parta
697 2178 811 2224 eius
830 2179 963 2225 belli
984 2178 1225 2239 victoria,
1257 2177 1500 2237 oppidum
1523 2178 1578 2236 in
1599 2178 1783 2228 iisdem
1805 2178 1886 2225 lo·

284 2244 359 2291 cis
389 2245 649 2306 condidit,
686 2244 838 2303 idque
869 2246 933 2292 ob
963 2246 1084 2303 equi
1101 2246 1326 2293 honores
1348 2245 1683 2307 Bucephalon
1707 2243 1885 2304 appel·

284 2310 431 2358 lavit.

809 2377 852 2427 C
887 2377 931 2427 A
966 2377 1010 2428 P
1048 2379 1096 2429 U
1136 2376 1186 2427 T
1255 2378 1369 2429 lll-

342 2458 463 2507 Quas
494 2471 654 2507 emesa,
693 2462 896 2522 quodque
921 2459 1104 2503 initium
1119 2460 1268 2517 fue‘m
1299 2462 1483 2505 dicatur
1501 2459 1798 2515 Pmtagorae
1822 2461 1890 2503 ad

393 2512 717 2570 philosophias
736 2511 895 2556 liceras
914 2516 1124 2560 adeundi

354 2589 401 2633 1.
437 2589 801 2645 Protagoram,
842 2589 1004 2637 virum
1040 2592 1097 2637 in
1127 2591 1314 2639 studiis
1337 2591 1702 2638 doctrinarum
1741 2604 1888 2650 egre·

283 2652 442 2711 gium,
472 2653 622 2699 cuius
638 2666 824 2699 nomen
838 2655 988 2701 Plato
1005 2657 1142 2703 libro
1165 2658 1246 2704 illi
1268 2670 1363 2705 suo
1385 2659 1584 2717 inclyto
1603 2658 1888 2717 inscripsit,

287 2718 668 2765 adolescentem
687 2718 849 2777 aiunt,
863 2721 1029 2767 victus
1042 2723 1318 2779 quaerendi
1339 2724 1524 2783 gratia,
1535 2724 1594 2769 in
1601 2725 1888 2773 mercedem
