2134 3091
350 251 459 302 454
863 255 1072 301 AULI
1143 253 1458 302 GELLII

408 435 632 490 Exempla
658 369 957 501 epfitolanga
969 368 1407 501 ᾗὶοεατᾙίνιγνεςῖ
1405 441 1448 477 et
1466 433 1729 479 Aristotelis
1741 435 1955 491 philoso‘·

454 491 545 548 plu·
561 491 633 534 ita
649 490 722 533 uti
735 496 840 532 nme
854 489 1005 532 edita.-
1043 504 1181 548 eaque
1199 490 1246 532 in
1268 491 1472 546 linguam
1491 491 1713 534 Latinam
1732 506 1877 534 versa.

419 571 465 614 1.
504 565 1001 612 Commentationum
1022 577 1226 612 suarum
1249 567 1554 623 artiumque,
1575 581 1702 627 quas
1722 567 1954 626 discipu·

348 635 415 681 lis
436 635 687 691 tradebat,
705 632 1022 678 Aristoteles
1044 633 1337 692 philophus,
1358 635 1498 693 regis
1519 635 1808 680 Alexandri
1841 646 1954 681 ma-

345 702 531 760 gister,
564 700 689 746 duas
710 698 908 757 species
927 699 1168 746 habuisse
1189 700 1396 746 dicitur.
1463 700 1585 747 Alia
1605 704 1776 758 crant,
1816 715 1952 760 quae

348 767 649 814 nominabat
676 764 725 809 ἐ
703 757 959 842 ωτερικά,
1000 765 1132 824 alia,
1165 780 1295 824 quae
1324 767 1620 825 appellabat
1649 761 1952 831 ἀκροατικά.

347 839 395 881 2.
425 827 511 876 'E
490 825 730 893 ,ωτερικά
756 831 1080 887 dicebantur,
1110 846 1238 888 quae
1258 834 1323 878 ad
1347 833 1627 881 rhetoricas
1649 833 1950 881 meditatio-

344 912 458 958 nes,
482 899 879 955 facultatemque
902 899 1236 958 argutiarum,
1266 899 1599 960 civiliumque
1619 915 1788 948 rerum
1807 902 1951 947 noti-

346 969 473 1014 tiam
494 966 865 1012 conducebant.
940 967 985 1010 3.
1011 959 1313 1024 Ἀκροατικὰ
1335 970 1502 1014 autem
1528 970 1858 1026 vocabantur,
1893 969 1949 1014 in

346 1035 531 1092 quibus
570 1032 901 1092 philosophia
938 1031 1190 1078 remotior
1237 1034 1583 1092 subtiliorque
1621 1035 1945 1093 agitabatur3

347 1114 577 1160 quaeque
616 1100 679 1144 ad
716 1106 932 1147 naturae
972 1100 1438 1159 contemplationes
1475 1101 1948 1162 disceptationesve

348 1167 651 1214 dialecticas
671 1167 1013 1225 pertinebant.
1083 1167 1134 1210 4.
1172 1166 1306 1212 Huic
1325 1166 1660 1228 disciplinae,
1700 1181 1847 1246 quam
1871 1168 1951 1214 di-

347 1235 409 1284 xi
429 1227 754 1296 ἇκροατικὴν,
785 1239 985 1290 tempus
1007 1233 1328 1280 exercendae
1351 1233 1538 1280 dabat·
1524 1249 1577 1280 ιιι
1599 1236 1638 1280 1
1624 1235 1762 1294 ycio
1783 1243 1950 1281 matu·

349 1303 537 1348 tinum:
585 1314 681 1346 nec
702 1302 765 1346 ad
804 1314 915 1346 eam
942 1313 1228 1357 quenquam
1261 1303 1452 1347 temere
1484 1302 1806 1362 admittebat,
1846 1301 1950 1348 nisi

349 1383 566 1428 quorum
588 1373 707 1414 ante
728 1367 1009 1426 ingenium,
1032 1370 1086 1412 et
1105 1366 1417 1414 eruditionis
1439 1369 1710 1422 elementa,
1723 1372 1877 1428 atque
1900 1369 1953 1414 in

348 1437 615 1513 discendo'
619 1435 841 1481 studium
864 1435 1195 1492 laboremque
1217 1435 1568 1492 explorasset.
1606 1439 1652 1482 5.
1679 1436 1804 1482 illas
1827 1449 1854 1480 v
1861 1450 1952 1482 ero

348 1501 399 1549 ἐξ
377 1496 645 1565 ,ωτερικιές
686 1497 1023 1565 [auditiones‚
1062 1501 1472 1560 exercitiumque
1502 1499 1728 1567 dicendi]
1770 1503 1951 1549 eodem

347 1571 402 1617 in
423 1571 539 1615 loco
566 1570 766 1626 vesperi
788 1570 1028 1626 faciebat,
1050 1582 1238 1627 easque
1261 1569 1450 1643 vulgo
1437 1571 1708 1616 iuvenibus
1729 1570 1840 1616 sine
1864 1570 1953 1615 de·-

346 1639 485 1684 lectu
513 1638 809 1693 praebebat3
847 1640 1000 1693 atque
1033 1650 1149 1681 eum
1171 1630 1389 1712 δεξλιιών
1411 1638 1693 1699 περίπατον
1713 1636 1952 1695 appella-

345 1706 449 1761 bat,
477 1703 625 1748 illum
647 1703 863 1748 alterum
886 1716 1041 1760 supra
1060 1698 1310 1759 ἑωθινόνς
1348 1708 1571 1762 utroque
1594 1704 1728 1749 enim
1749 1708 1950 1761 tempo-

344 1785 403 1819 re
425 1770 691 1816 ambulans
714 1770 1017 1816 disserebat.
1093 1774 1136 1815 6.
1173 1769 1360 1817 Libros
1382 1782 1582 1829 quoque
1604 1783 1740 1827 suos,
1769 1783 1948 1816 earnm

345 1852 433 1885 rer
436 1852 517 1883 um
552 1836 780 1885 omnium
801 1838 1199 1883 commentarios
1217 1870 1230 1891 ‚
1270 1850 1503 1884 seorsum
1527 1837 1732 1891 divisit,
1771 1840 1828 1884 ut
1851 1838 1946 1884 alii

344 1905 635 1967 ἕξωτερικοί
655 1904 963 1960 dicerentur,
988 1903 1172 1961 partim
1191 1896 1506 1965 ἄκροατικοί.
1577 1906 1624 1949 7.
1663 1905 1806 1958 Quos
1835 1919 1949 1950 cum

344 1976 399 2021 in
420 1974 605 2031 vulgus
626 1975 686 2019 ab
709 1986 770 2017 eo
793 1972 960 2017 editos
980 1985 1078 2019 rex
1100 1971 1402 2018 Alexander
1420 1972 1770 2030 cognovisset,
1793 1975 1950 2028 atque

345 2056 407 2088 ea
429 2043 730 2098 tempestate
752 2038 908 2085 armis
928 2038 1264 2095 exercituque
1287 2052 1483 2085 omnem
1507 2052 1665 2097 prope
1676 2038 1849 2083 Asiam
1873 2044 1952 2084 te-

345 2112 519 2165 neret,
556 2120 827 2165 regemque
859 2106 1023 2163 ipsum
1044 2106 1254 2150 Darium
1288 2106 1502 2163 proeliis
1529 2109 1584 2151 et
1603 2105 1840 2151 victoriis
1861 2120 1952 2151 ur-

343 2178 517 2235 geret,
556 2174 611 2219 in
642 2172 753 2219 illis
780 2176 947 2219 tamen
969 2173 1127 2217 tantis
1151 2172 1379 2230 negotiis
1401 2173 1580 2219 literas
1603 2172 1668 2217 ad
1686 2172 1951 2219 Aristote-

344 2243 449 2288 lem
467 2240 627 2296 misit,
640 2254 746 2285 non
768 2252 880 2285 eum
898 2242 1035 2285 recte
1059 2239 1262 2294 fecisse,
1284 2239 1418 2296 quod
1441 2239 1744 2298 disciplinas
1765 2252 1950 2285 acroa-

343 2310 495 2367 ticas,
516 2307 701 2364 quibus
721 2309 781 2353 ab
802 2319 866 2351 eo
890 2305 1003 2363 ipse
1024 2306 1260 2351 eruditus
1279 2307 1435 2365 foret,
1453 2306 1604 2354 libris
1626 2308 1768 2353 foras
1789 2306 1950 2353 editis

344 2376 695 2433 invulgasset:
742 2375 791 2417 8.
812 2372 947 2419 Nam
968 2387 1098 2432 qua,
1128 2372 1320 2431 inquit,
1349 2376 1464 2419 alia
1487 2387 1547 2418 re
1562 2380 1846 2431 praestare
1867 2390 1950 2419 ee·-

345 2446 475 2488 teris
500 2444 789 2500 poterimus
802 2472 814 2495 ,
853 2440 900 2484 si
918 2452 982 2483 ea
996 2470 1013 2493 ,
1054 2454 1189 2500 qnae
1210 2454 1278 2501 ρῳ·
1299 2446 1348 2485 te
1369 2443 1656 2499 accepimus
1670 2475 1688 2498 ,
1729 2444 1950 2490 omnium

342 2504 721 2567 prorsnsfient
738 2507 1054 2553 eommunia.
1046 2504 1069 2537 9
1142 2508 1345 2565 Quippe
1365 2522 1455 2567 ego
1475 2508 1720 2554 doctrina
1739 2510 1950 2554 anteire

346 2576 539 2628 malem,
562 2588 717 2632 quam
738 2573 900 2630 copiis
922 2578 1080 2632 aeque
1101 2576 1396 2632 opulentiis.
1451 2574 1738 2633 Rescripsit
1758 2574 1807 2620 ei
1829 2575 1948 2620 Ari-

349 2638 567 2683 stoteles
591 2639 654 2683 ad
672 2638 803 2685 hanc
823 2639 1153 2684 sententiam:
1211 2644 1257 2685 9.
1288 2638 1596 2687 Acroatv'cos
1618 2644 1723 2687 libr
1726 2656 1801 2697 os,
1822 2655 1952 2703 quos

348 2702 517 2747 editos
547 2708 805 2761 quereris,
849 2711 900 2748 et
926 2719 1026 2749 non
1050 2709 1270 2763 perinde
1302 2714 1357 2753 ut
1379 2721 1584 2755 arcana
1604 2710 1952 2764 absconditos,

304 2782 309 2787 ·
350 2778 512 2825 neque
530 2772 690 2816 editos
710 2772 833 2815 scito
856 2784 1150 2831 essemque
1168 2786 1268 2818 non
1289 2789 1315 2818 e
1334 2776 1485 2834 Mos,
1514 2790 1752 2835 quomam
1773 2778 1838 2823 2'2‘5
1863 2791 1952 2823 so·-
