2134 3091
1865 193 1892 207 Q

375 200 478 253 388
878 204 1092 248 AULI
1163 202 1318 247 GEI
1355 204 1486 249 1211

374 319 609 380 patiendi
652 319 1005 365 declinatione
1045 320 1140 366 sit:
1195 323 1304 364 tum
1341 320 1438 366 hoc
1477 320 1634 365 verbo
1672 332 1776 366 non
1815 320 1993 367 miuus

372 388 714 447 praeteritum
734 390 932 445 tempus
952 386 1258 448 ostenditur,
1281 399 1430 444 quam
1453 388 1696 432 stitutum.

867 507 909 556 C
945 508 986 557 A
1024 504 1070 555 Ρ
1105 508 1152 558 U
1188 507 1237 555 T
1309 504 1490 555 v111.

429 574 487 616 In
512 572 789 617 sermonibus
816 576 944 627 apud
958 586 1160 615 mensam
1185 571 1334 614 Tauri
1353 572 1632 627 philosophi
1647 574 1810 641 quaeri
1825 576 1990 629 agim-

488 632 614 686 rique
632 628 852 671 eiusmodi
870 628 1039 671 solita.-
1077 642 1156 670 eur
1175 630 1322 671 olum
1336 640 1412 669 sae
1449 642 1472 669 e
1497 628 1728 683 etfacsle,
1767 632 1882 673 vina
1909 646 1988 673 ra·

489 688 584 729 rim
622 685 973 737 congelascunt,
1014 690 1196 725 acetum
1230 684 1356 726 hand
1417 698 1488 725 ere
1523 698 1746 741 mqmmu
1785 692 1833 728 et
1867 690 1993 743 quod

489 754 633 797 aquae
642 738 1209 795 fluviormnfonte'mnque
1235 741 1474 789 ducentur,
1510 754 1638 781 snare
1666 742 1773 795 gelu
1790 754 1886 783 non
1908 744 1987 785 ‹Iu-

486 802 621 839 retur.

450 871 497 915 1.
534 867 845 925 Pilosophus
876 868 1080 913 Taurus
1113 869 1398 925 accipiebat
1430 880 1527 914 nos
1563 867 1781 914 Athenis
1823 880 1992 915 coena

379 936 687 995 plerumque
708 936 768 980 ad
792 933 845 980 id
867 932 989 994 diei,
1016 933 1105 981 ubi
1125 933 1228 979 iam
1250 938 1633 992 vesperaverat.
1689 938 1737 980 2.
1766 933 1826 980 ld
1846 936 1988 981 enim

376 1008 456 1049 est
507 1005 707 1060 tempus
759 1000 914 1047 isthic
962 1000 1218 1047 coenandi
1262 1001 1522 1057 frequens.
1621 1000 1750 1046 Eius
1791 1014 1985 1050 coenae

374 1070 564 1116 fundus
595 1071 647 1115 et
676 1070 1043 1115 firmamentum
1066 1081 1220 1114 omne
1241 1070 1352 1113 erat
1373 1066 1425 1112 in
1447 1068 1558 1113 olla
1577 1081 1680 1113 una
1700 1067 1858 1113 lentis
1879 1070 1985 1115 Ae-

375 1152 439 1195 gy
445 1132 677 1195 ptiae,‘et
697 1134 989 1181 cucurbitae
1008 1134 1139 1180 inibi
1159 1134 1391 1180 minutim
1417 1147 1619 1180 caesae.
1673 1137 1720 1179 3.
1754 1134 1831 1178 Ea
1851 1148 1984 1191 quo-

375 1205 491 1249 dam
521 1203 605 1249 die
633 1204 719 1249 ubi
745 1200 937 1260 paratis
960 1206 1011 1248 et
1033 1200 1454 1259 exspectantibus
1477 1202 1628 1247 nobis
1649 1201 1808 1247 allata
1829 1204 1983 1259 atque

372 1270 618 1329 imposita
645 1282 853 1316 mensae
881 1271 975 1325 est,
1012 1282 1226 1327 puerum
1243 1268 1386 1314 iubet
1406 1268 1609 1314 Taurus
1633 1268 1806 1313 oleum
1826 1268 1879 1312 in
1901 1266 2004 1314 ol-·'

371 1338 477 1383 lam
497 1337 693 1382 indere.
730 1338 779 1381 4.
801 1336 928 1381 Erat
946 1334 992 1381 is
1012 1349 1142 1393 puer
1161 1348 1349 1393 genere
1369 1335 1589 1395 Atticus,
1603 1334 1667 1381 ad
1682 1346 1848 1382 annos
1871 1348 1976 1380 ma·

372 1404 514 1453 xime
548 1406 702 1448 natus
736 1405 873 1457 octo,
908 1400 1468 1447 festivissimis‘aetatis
1491 1404 1544 1447 et
1563 1401 1734 1461 gentis
1754 1400 1971 1460 argutiis

376 1475 595 1516 scatens.
669 1473 715 1515 5.
754 1470 963 1514 Guttam
994 1467 1224 1515 Samium
1251 1470 1498 1515 oretenus
1527 1468 1822 1527 imprudens
1862 1468 1979 1514 ina-

373 1553 509 1592 nem,
530 1539 771 1594 tanquam
792 1534 837 1581 si
859 1534 1053 1581 inesset
1075 1535 1266 1590 oleum,
1286 1535 1454 1592 affert,
1464 1535 1821 1592 convertitque
1838 1549 1975 1594 eum3

374 1611 455 1661 et,
500 1607 557 1648 ut
583 1602 795 1648 solitum
816 1605 922 1661 est,
961 1601 1265 1660 circumegit
1285 1615 1378 1664 per
1395 1616 1596 1649 omnem
1619 1605 1816 1661 partem
1837 1602 1978 1650 ollae

374 1683 607 1726 manum3
648 1668 849 1713 nullum
868 1667 988 1714 inde
1010 1669 1119 1716 ibat
1139 1671 1332 1715 oleum.
1405 1672 1452 1714 6.
1490 1669 1694 1728 Aspicit
1712 1683 1842 1726 puer
1860 1675 1977 1728 gut—

376 1741 481 1783 tum
502 1735 763 1781 atrocibus
785 1735 953 1781 oculis
974 1737 1456 1797 stomachabundus,
1486 1740 1540 1783 et
1566 1749 1868 1783 concussum
1889 1751 1976 1782 ve-

371 1802 664 1850 hementius
696 1801 881 1848 iterum
911 1801 965 1847 in
992 1803 1155 1858 ollam
1189 1803 1367 1861 vertit3
1406 1806 1456 1848 7.
1479 1803 1632 1862 idque
1660 1816 1776 1850 cum
1800 1816 1975 1850 omnes

373 1871 564 1918 sensim
582 1872 733 1926 atque
754 1869 1062 1916 summissim
1083 1871 1384 1924 rideremus,
1413 1873 1518 1916 tum
1539 1885 1667 1928 puer
1687 1871 1899 1929 Graece,
1927 1873 1976 1917 et

371 1939 424 1985 id
444 1937 647 1995 quidem
669 1949 913 1994 perquam
943 1937 1138 1983 Attice:
1176 1933 1278 1995 Μὴ
1309 1934 1507 1999 γελᾶτε,
1537 1938 1723 1998 inquit,
1755 1934 1826 1980 ἔνι
1849 1933 1975 1983 τοῦ-

370 2004 544 2052 λαιον·
601 1997 723 2048 ἀλλ’
750 1997 841 2050 οὐκ
873 2003 977 2048 ἴστε
994 2039 1007 2061 ,
1046 1999 1132 2049 οἵα
1152 2003 1305 2066 φρίκη
1325 2001 1443 2065 περὶ
1463 1999 1552 2048 τὸν
1574 1999 1780 2066 ὄρθρον
1798 2002 1972 2064 γέγονε

369 2065 619 2133 τήμερον·
668 2063 1126 2132 κεκρυστὰλλωται.
1199 2073 1248 2116 8.
1294 2071 1525 2118 Verbero
1541 2107 1555 2133 ‚
1593 2069 1763 2128 inquit
1795 2070 1971 2117 ridens

373 2141 595 2195 Taurus,
616 2151 788 2184 nonne
806 2137 853 2184 is
876 2137 1314 2198 curriculo‚atque
1335 2139 1508 2186 oleum
1527 2137 1698 2197 petisi
1734 2137 1837 2184 Sed
1861 2152 1973 2185 cum

370 2219 501 2265 puer
530 2206 672 2250 foras
704 2207 893 2252 emtum
921 2204 1076 2260 isset,
1113 2205 1248 2251 nihil
1274 2204 1387 2263 ipse
1417 2205 1520 2252 ista
1537 2217 1683 2251 mora
1702 2203 1971 2251 offensior:

375 2273 518 2328 oua,
560 2271 751 2330 inquit,
788 2272 908 2318 oleo
928 2271 1151 2331 indiget3
1193 2274 1261 2331 et,
1302 2275 1362 2318 ut
1379 2271 1551 2332 video,
1590 2271 1970 2318 intolerandum

371 2339 554 2396 fervit3
586 2337 911 2385 cohibeamus
932 2353 1137 2386 manus:
1173 2342 1325 2396 atque
1345 2340 1562 2402 interea,
1583 2338 1824 2396 quoniam
1846 2353 1971 2396 puer

371 2419 509 2452 nunc
540 2405 808 2451 admonuit
834 2406 1005 2452 solere
1035 2407 1207 2452 oleum
1239 2407 1631 2464 congelascere,
1672 2405 1967 2452 considere-

373 2486 485 2519 mus
499 2507 512 2529 ,
548 2485 638 2518 cur
658 2472 833 2522 oleum
853 2472 1054 2530 quidem
1079 2487 1230 2532 saepe
1251 2478 1304 2521 et
1325 2473 1480 2519 facile
1503 2476 1629 2532 stet,
1652 2472 1774 2518 vina
1793 2485 1970 2517 raren-

367 2544 455 2585 'ter
486 2538 879 2596 congelascunt?
950 2543 998 2590 9.
1034 2542 1203 2598 Atque
1235 2540 1420 2598 aspicit
1445 2555 1549 2595 me,
1589 2543 1642 2585 et
1661 2539 1818 2598 iubet,
1855 2539 1970 2596 quid

376 2606 615 2663 sentiam,
638 2604 829 2651 dicere.
902 2607 980 2652 lo.
1020 2608 1150 2652 Tum
1165 2620 1261 2664 ego
1285 2607 1542 2664 respondi,
1565 2607 1858 2652 coniectare
1879 2620 1968 2666 me,

378 2671 553 2715 vinum
571 2671 766 2717 idcirco
790 2672 958 2716 minus
980 2673 1084 2719 cito
1109 2674 1419 2729 coalescere,
1447 2673 1583 2731 quod
1606 2671 1802 2719 semina
1823 2685 1969 2729 quae-

378 2735 493 2782 dam
518 2736 747 2783 caldoris
776 2737 831 2782 in
860 2751 973 2785 sese
996 2740 1232 2800 haberet,
1271 2744 1507 2798 essetque
1529 2744 1711 2786 natura
1730 2739 1969 2798 ignitius5
