2134 3091
708 237 851 284 [ΑΒ.
891 240 933 283 1.
1004 237 1162 284 cAP.
1200 237 1282 283 25.
1345 242 1364 257 ⁶
1733 234 1802 288 3⁴8

675 352 718 404 C
750 352 797 402 A
830 350 873 402 P
909 352 958 402 U
996 353 1045 401 'l'
1117 351 1316 404 XXV.

256 431 422 480 Quibus
450 433 597 477 verbis
625 431 694 474 M.
728 431 875 474 Varro
904 431 1112 474 Indncim
1153 430 1409 488 definieritae
1459 431 1800 492 quaesitumque

312 488 433 532 inibi
450 488 675 539 mincius,
692 501 921 546 quaenam
932 487 1057 531 ratio
1078 486 1142 530 n‘t
1159 487 1376 530 vocabula·
1391 487 1703 532 induciarum.

267 567 313 610 1.
351 564 563 614 Duobus
588 564 757 612 modis
784 565 855 608 M.
879 563 1045 610 Varro
1075 561 1130 608 in
1149 563 1283 609 libro
1304 564 1674 617 Humanarum,
1715 562 1804 622 qui

195 635 278 676 est
296 632 373 677 De
393 631 532 678 bello
553 635 605 680 et
625 645 774 692 pace,
812 629 1053 677 induciae
1075 629 1192 688 quid
1215 631 1345 689 sint,
1386 631 1578 679 definit.
1646 631 1802 676 Indu-

192 701 335 756 viae,
374 699 565 760 inquit,
622 704 743 746 sunt
784 712 899 756 pax
946 701 1228 745 castrensis
1259 711 1550 757 pancorum
1585 696 1800 744 dierum.

193 768 241 810 2.
284 767 410 812 item
426 765 535 813 alio
556 765 613 812 in
632 767 777 813 loco:
819 765 1088 822 Indue-iae,
1119 764 1300 822 inquit,
1328 772 1446 811 sune
1467 765 1803 826 belliferiae.

196 834 242 878 3.
284 833 384 879 Sed
416 831 813 892 lepidae-magis
840 835 991 889 atque
1018 832 1271 878 iucundae
1291 832 1562 879 brevitatis
1582 835 1802 890 utraque

193 899 427 946 definitio
444 927 457 954 ,
496 913 647 959 quam
674 900 829 958 plena
855 903 945 946 aut
970 901 1132 958 proba
1157 911 1268 946 esse
1289 899 1510 948 videtur.
1581 901 1632 944 4.
1668 901 1801 946 Nam

190 980 359 1024 neque
381 981 486 1024 pax
506 971 587 1014 est
607 967 875 1014 induciae:
898 966 1111 1023 (benum
1132 967 1268 1012 enim
1285 970 1476 1029 manet,
1497 980 1670 1026 pugna
1691 980 1800 1013 ces-

190 1033 326 1090 sat3)
348 1048 511 1090 neque
539 1037 593 1081 in
613 1034 741 1082 soli·
764 1034 963 1089 castris,
985 1047 1151 1091 neque
1173 1045 1450 1092 paucorum
1468 1037 1670 1080 tantum
1689 1033 1799 1080 die-

189 1115 309 1146 rum
337 1101 575 1148 induciae
603 1105 739 1148 sunt.
808 1105 855 1147 5.
894 1100 1028 1155 Quid
1050 1099 1185 1146 enim
1206 1101 1448 1160 dicemus,
1477 1101 1538 1162 si,
1574 1101 1802 1147 induciis

190 1169 247 1214 in
279 1168 530 1215 mensium
560 1169 761 1228 aliquot
788 1167 965 1223 factis,
1000 1162 1080 1232 [in
1101 1165 1312 1232 oppida]
1333 1169 1515 1216 castris
1546 1169 1800 1215 conceda-

189 1238 307 1282 tur?
332 1238 515 1282 Nonne
535 1239 641 1283 tum
660 1249 861 1294 quoque
880 1234 1120 1282 induciae
1141 1238 1290 1282 sunt?
1317 1238 1403 1283 6.Α
1414 1241 1468 1283 ut
1480 1249 1657 1282 rursus
1677 1235 1800 1293 quid

191 1317 307 1353 esse
344 1299 445 1367 [id]
474 1303 724 1360 dicemus,
764 1303 901 1361 quod
941 1303 995 1348 in
1035 1302 1198 1361 primo
1238 1304 1426 1350 Annali
1465 1303 1802 1363 Quadrigarii

188 1371 442 1429 scriptum
469 1374 573 1426 est,
604 1373 657 1417 C.
682 1371 923 1417 Pontium
944 1371 1224 1418 Samnitem
1245 1383 1274 1416 a
1296 1370 1546 1419 dictatore
1566 1372 1799 1417 Romano

186 1450 286 1484 sex
314 1437 557 1484 horarum
586 1438 821 1485 inducias
841 1438 1156 1496 postulasse,
1195 1438 1239 1484 si
1261 1439 1498 1486 induciae
1520 1452 1798 1498 paucorum

183 1508 393 1552 tantum
413 1505 611 1552 dierum
631 1505 1145 1565 appellandae-aunt?
1206 1508 1254 1553 7.
1291 1507 1425 1554 Belli
1446 1511 1616 1553 autem
1637 1506 1800 1553 ferias

188 1572 385 1620 festive
402 1574 567 1632 magis
590 1572 741 1627 dixit,
753 1586 904 1632 quam
923 1577 1098 1633 aperte
1118 1577 1272 1631 atque
1293 1575 1518 1621 definite.
1550 1578 1598 1620 8.
1614 1576 1800 1621 Graeci

184 1644 365 1702 autem
382 1640 756 1699 significantius
777 1640 1268 1700 consignantiusque
1289 1642 1628 1689 cessationem
1647 1641 1800 1687 iatam

186 1704 396 1767 pugnae
428 1706 691 1765 pacticiam
719 1706 989 1770 ἐκεχειρίαν
1020 1708 1290 1764 dixerunt,
1321 1712 1528 1757 exemta
1550 1722 1655 1755 una
1677 1709 1800 1755 lite-

185 1789 248 1821 ra
268 1774 475 1821 sonitus
496 1774 757 1831 vastioris,
778 1777 831 1821 et
848 1774 1122 1822 subiuncta
1142 1776 1386 1823 lenioris:
1440 1779 1488 1822 9.
1526 1788 1644 1822 nam
1661 1776 1800 1834 quod

186 1856 253 1889 eo
274 1846 507 1901 tempore
524 1855 632 1888 non
651 1844 927 1901 pugnetur,
955 1846 1009 1889 et
1024 1856 1204 1889 manus
1225 1844 1586 1903 cohibeantur,
1613 1842 1799 1901 ἐκεχει-

186 1908 309 1969 ρίαν
330 1909 673 1968 appellarunt.
750 1911 825 1955 1⁰.
862 1910 965 1955 Sed
984 1912 1220 1969 profecto
1253 1924 1360 1957 non
1378 1911 1431 1957 id
1453 1909 1556 1957 fuit
1575 1910 1798 1957 Varroni

184 1976 481 2035 negotium,
512 1978 571 2021 ut
596 1976 829 2023 inducias
850 1978 1211 2036 superstitiose
1234 1978 1489 2036 definiret,
1525 1980 1576 2023 et
1595 1978 1796 2037 legibus

184 2042 585 2099 rationibusque
605 2044 839 2090 omnihus
862 2044 1218 2091 definitionum
1235 2044 1528 2091 inserviret.
1590 2047 1670 2089 11.
1701 2044 1796 2089 Sa-

183 2110 258 2157 tis
289 2110 429 2157 enim
456 2108 621 2155 visum
652 2113 754 2168 eat,
800 2110 1053 2157 eiusmodi
1083 2113 1254 2158 facere
1283 2111 1798 2168 demonstrationem3

184 2177 332 2236 quod
366 2189 527 2235 genus
562 2177 747 2223 Graeci
782 2171 970 2229 τύπους
1002 2179 1164 2237 magi·
1197 2182 1250 2223 et
1281 2170 1602 2239 ὑπογραφάς,
1645 2190 1800 2235 quam

184 2235 447 2307 ὁρισμούς
462 2247 669 2290 vocant.
718 2246 794 2291 12.
828 2244 1163 2291 Indue-iarum
1183 2247 1353 2291 autem
1375 2244 1676 2292 vocabulum
1697 2258 1798 2302 qua

185 2312 261 2358 sit
282 2310 487 2357 ratione
506 2312 714 2366 fuctum,
734 2311 836 2357 iam
856 2310 941 2356 diu
964 2317 1057 2369 est,
1083 2326 1196 2358 cum
1215 2311 1524 2369 quaerimus.
1581 2314 1659 2359 13.
1695 2312 1796 2358 Sed

184 2392 259 2426 ex
282 2378 487 2435 multis,
522 2390 651 2435 quae
672 2379 757 2424 vel
778 2377 1070 2424 audivimus
1093 2380 1175 2425 vel
1195 2379 1436 2437 legimus,
1473 2379 1796 2438 probabilius

185 2447 273 2504 id,
316 2446 451 2502 quod
472 2444 661 2499 dicam,
702 2444 920 2493 videtur.
993 2447 1074 2491 14.
1111 2446 1356 2494 Indue-ias
1375 2446 1451 2492 sic
1472 2446 1632 2493 dictas
1656 2444 1796 2492 arbi-

184 2517 415 2573 tramur,
452 2512 599 2569 quasi
628 2514 684 2559 tu
713 2512 853 2559 dicas
873 2514 989 2558 inde
1008 2516 1091 2560 uti
1104 2516 1224 2559 iam.
1299 2516 1375 2559 15.
1412 2513 1622 2559 Pactum
1641 2513 1795 2559 indu-

184 2579 393 2625 ciarum
417 2578 708 2626 huiusmodi
738 2582 817 2625 est
830 2612 842 2634 ‚
881 2579 1013 2626 utin
1032 2582 1168 2627 diem
1187 2584 1378 2627 certum
1397 2592 1502 2626 non
1521 2584 1794 2640 pugnetur,

184 2643 429 2703 nihilque
465 2645 894 2697 incommodetur:
935 2648 1025 2693 sed
1059 2662 1126 2697 ex
1161 2662 1224 2695 eo
1247 2648 1330 2695 die
1363 2650 1544 2706 postea
1577 2648 1656 2694 uti
1692 2648 1794 2694 iam

185 2710 371 2758 omnia
397 2713 527 2759 belli
555 2714 669 2759 iure
699 2718 934 2772 agantur.
1018 2718 1094 2762 16.
1135 2716 1288 2769 Quod
1325 2715 1515 2763 dicitur
1543 2715 1651 2761 dies
1685 2728 1794 2762 cer-

183 2786 274 2825 tus
304 2778 627 2843 praefinitus,
658 2784 958 2839 pactumque
987 2784 1062 2841 fit,
1103 2788 1159 2831 ut
1186 2786 1304 2829 ante
1323 2796 1441 2829 eum
1463 2782 1596 2829 diem
1615 2795 1680 2827 ne
1701 2793 1803 2839 pu·—
