2134 3091
627 202 786 248 Lm.
837 200 992 247 XVI.
1064 200 1241 246 cAP.
1287 204 1364 247 19.
1703 196 1804 249 375

198 315 349 364 unius
374 315 455 363 rei
486 316 664 375 plures
690 319 997 377 appareant.
1045 317 1193 373 item,
1234 318 1288 362 ut
1318 316 1617 374 speculum'
1603 332 1654 363 m
1679 318 1802 367 loco

197 387 336 430 certo
358 383 599 442 positum,
621 384 755 430 nihil
772 384 1049 457 imaginet3
1093 382 1344 429 aliorsum
1368 384 1692 443 translatum,
1723 388 1804 432 fa-

200 450 333 496 eiat*
320 449 594 508 imagines:
632 451 781 511 item,
823 449 869 497 si
889 443 1058 497 rectus
1079 450 1343 507 speculum
1365 454 1593 508 spectes,
1629 442 1802 511 'imago

198 518 287 562 fiat
304 520 392 562 tua
412 516 685 575 eiusmodi,
713 521 772 563 ut
790 520 943 576 eaput
964 517 1206 563 deorsum
1228 516 1484 571 videatur,
1514 516 1670 577 pedes
1691 533 1808 565 sur-

199 598 325 629 sum.
397 584 586 631 Reddit
605 584 761 630 etiam
782 595 961 629 causas
982 596 1045 629 ea
1064 582 1343 641 disciplina
1357 614 1372 643 ,
1412 596 1504 629 cur
1524 584 1657 630 istae
1679 599 1808 643 quo-

198 663 298 708 que
341 650 571 698 visiones
611 652 824 710 fallant3
862 653 951 709 ut,
989 664 1122 708 quae
1155 648 1210 695 in
1239 663 1371 708 aqua
1399 650 1807 711 conspiciuntur,

196 716 397 763 maiora
420 718 482 763 ad‘
504 719 685 764 oculos
706 720 854 775 fiant3
894 730 1024 775 quae
1045 717 1232 775 procul
1255 719 1316 764 ab
1338 717 1504 765 oeulis
1525 721 1673 779 sunt,
1712 719 1810 765 mi-

198 797 346 830 nora.
414 778 763 843 4.Karonm1
805 786 975 832 autem
1012 784 1372 846 longitudines
1409 788 1462 831 et
1501 785 1808 833 altitudines

196 850 343 899 vocis
372 852 628 900 emetitur.
700 851 932 910 Longior
970 864 1212 897 mensura
1238 852 1386 899 vocis
1426 846 1644 915 ῥυθμός
1673 854 1808 901 diei-

196 923 307 979 tur,
348 918 509 965 altior
540 916 712 979 μέλος.
783 922 832 964 5.
878 916 977 965 Est
1004 920 1055 963 et
1085 918 1191 964 alia
1219 919 1418 977 speeies
1449 915 1808 983 [Κανονικῆς],

196 999 327 1044 quae
358 985 653 1045 appellatur
676 976 918 1047 μετρικῆς
958 998 1052 1042 per
1080 998 1229 1042 quam
1267 986 1582 1044 syllabarum
1622 988 1809 1047 longa-

194 1066 305 1098 rum
329 1055 381 1098 et
410 1052 639 1099 brevium
661 1054 713 1097 et
730 1051 1067 1097 mediocrium
1086 1052 1354 1114 iunctura,
1395 1054 1447 1098 et
1471 1055 1654 1100 modus
1683 1068 1809 1100 eon-

196 1132 384 1179 gruens
406 1133 520 1165 eum
538 1118 813 1176 principiis
835 1118 1188 1181 (homa-riae,
1223 1119 1427 1165 aurium
1443 1120 1690 1167 mensura
1711 1136 1808 1168 ex-

196 1187 471 1233 aminatur.
542 1188 590 1230 6.
628 1184 733 1230 Sed
758 1185 907 1243 haee,
947 1183 1117 1241 inquit
1146 1188 1220 1232 M.
1243 1187 1438 1245 Varro,
1463 1195 1572 1234 naut
1603 1190 1808 1235 omuino

194 1268 293 1299 non
314 1252 578 1300 aa’seimune
613 1258 712 1297 aut
723 1253 883 1311 prius
912 1252 1225 1314 desistimus,
1260 1266 1417 1313 quam
1436 1256 1807 1315 intelligamus,

195 1334 294 1368 eur
311 1320 554 1368 discenda
574 1321 696 1367 sint.
772 1317 1028 1379 Voluptas
1048 1326 1242 1376 autem,
1279 1318 1466 1378 inquit,
1496 1323 1581 1368 vel
1598 1324 1808 1371 utilitas

194 1390 379 1435 calvum
400 1387 794 1447 discipliuaram
812 1388 867 1431 t’n
880 1389 1276 1447 postprincipiis
1295 1389 1522 1448 essum,
1551 1403 1664 1435 cum
1677 1404 1808 1449 per-

184 1456 377 1519 fectae
404 1455 778 1520 absolutaeque
804 1460 950 1501 sunt:
988 1455 1045 1501 δη
1069 1456 1353 1514 principiis
1381 1468 1510 1503 vero
1536 1458 1684 1516 ipsis,
1727 1460 1808 1504 in-

192 1528 353 1584 eptae
372 1528 426 1570 et
442 1524 681 1572 insuaves
699 1520 955 1571 videntur.

689 1644 1063 1697 CAPUT
1134 1643 1305 1698 xlx.

196 1712 366 1757 Sumta
394 1711 593 1756 historia
618 1728 676 1758 ea·
693 1713 923 1757 Herodoti
946 1713 1065 1757 libro
1089 1713 1245 1770 primo
1263 1713 1604 1772 super-fidicine
1620 1713 1808 1760 Arium.

268 1792 292 1836 1
355 1789 526 1837 Celeri
565 1789 831 1838 admodum
870 1792 923 1835 et
962 1790 1177 1837 cohibili
1219 1795 1476 1849 oratione,
1517 1806 1808 1851 vocumque

197 1859 285 1904 filo
315 1857 472 1902 tereti
502 1861 553 1904 et
579 1858 798 1904 candido
833 1857 1064 1904 fabulam.
1085 1858 1294 1918 scripsit
1323 1861 1620 1906 Herodotus
1651 1874 1810 1919 super

196 1923 400 1970 fidicine
422 1921 519 1970 illo
542 1925 753 1970 Arione.
824 1928 874 1969 2.
912 1925 1098 1980 Vetus,
1138 1926 1330 1984 inquit.
1371 1931 1422 1970 et
1453 1926 1650 1972 nobilis
1678 1929 1806 1972 Ario

198 1993 435 2037 cantator
456 1989 639 2036 fidibus
662 1988 777 2048 fuit.
835 1993 880 2035 3.
906 1993 953 2034 Is
976 1991 1096 2036 loco
1119 1998 1170 2037 et
1187 1992 1378 2051 oppido
1399 1993 1808 2051 Methymnaeus,

196 2063 277 2102 tei
282 2070 339 2102 ra
357 2059 511 2113 atque
532 2057 707 2102 insula
727 2056 866 2103 omni
888 2057 928 2100 I
932 2057 1106 2104 esbius
1131 2058 1248 2105 fuit.
1319 2061 1369 2102 4.
1407 2059 1540 2114 Eum
1560 2060 1808 2106 Arionem

195 2137 295 2171 rex
318 2121 555 2169 Corinthi
576 2122 857 2170 Periander
875 2122 1095 2177 amicum
1123 2130 1448 2183 amatumque
1472 2125 1650 2172 babuit
1679 2126 1808 2173 artis

195 2190 380 2251 gratia.
452 2194 502 2236 5.
541 2193 590 2237 1s
625 2189 745 2236 inde
775 2202 806 2235 a
836 2204 958 2249 rege
990 2191 1354 2250 proficiscitur,
1391 2203 1559 2238 terras
1580 2191 1807 2252 inclytas

197 2258 431 2306 Siciliam
453 2260 606 2317 atque
630 2256 833 2303 Italiam
844 2257 1041 2303 visere.
1117 2263 1164 2304 6.
1205 2259 1302 2304 Ubi
1332 2272 1395 2306 eo
1419 2259 1588 2317 venit,
1627 2274 1808 2306 aures-

194 2340 294 2384 que
323 2325 551 2372 omnium
577 2328 872 2382 mentesque
908 2325 961 2372 in
990 2323 1260 2382 utriusque
1291 2329 1464 2374 terrae
1485 2327 1695 2373 urbibus
1716 2329 1808 2373 de-

195 2391 407 2449 mulsit,
446 2392 501 2438 in
520 2392 814 2450 quaestibus
841 2391 959 2438 istie
988 2394 1039 2438 et
1072 2392 1422 2450 voluptatibus
1443 2393 1806 2450 amoribusque

194 2460 459 2506 bominum
490 2459 604 2506 fuit.
676 2461 725 2504 7.
754 2461 817 2522 ,Is
846 2462 952 2506 tum
980 2462 1191 2521 postea,
1231 2461 1412 2519 grandi
1435 2461 1658 2520 pecunia
1678 2465 1728 2507 et
1748 2475 1806 2508 re

195 2529 332 2574 bona
354 2527 515 2574 multa
536 2527 796 2586 copiosus,
822 2527 1126 2574 Corinthum
1147 2527 1378 2573 instituit
1397 2529 1586 2574 redire
1631 2535 1679 2574 8.
1703 2530 1811 2576 Na-

196 2607 311 2640 vem
334 2595 490 2654 igitur
513 2597 565 2640 et
582 2598 785 2654 nautas,
815 2599 873 2640 ut
892 2594 1129 2641 notiores
1151 2593 1522 2652 amicioresque
1543 2594 1673 2644 sibi.
1710 2596 1809 2641 Co·-

196 2660 417 2708 rintbios
438 2662 646 2720 delegit.
721 2666 767 2708 9.
808 2663 912 2709 Sed
930 2675 994 2708 eo
1018 2661 1320 2708 Corinthios
1341 2661 1546 2708 bomine
1565 2667 1806 2724 accepto,

197 2729 421 2790 navique
451 2730 505 2775 in
535 2729 692 2777 altum
726 2734 999 2792 proveeta,
1041 2730 1262 2789 praedae
1285 2731 1638 2790 pecuniaeque
1659 2731 1808 2791 eupi-
