2134 3091
768 200 907 246 Lm.
946 200 1009 244 V.
1081 200 1236 246 CAP.
1277 201 1326 245 4.
1743 195 1848 245 125

244 311 481 370 missum,
520 315 857 373 vecturasque
886 329 1100 363 onerum
1131 327 1348 373 corpore
1377 327 1474 360 suo
1507 313 1846 362 factitavisse.

245 382 295 425 2.
320 381 471 434 Quod
492 395 655 440 genus
680 381 865 429 Graeci
884 375 1228 444 ἀχθοφόρους
1247 384 1459 439 vocaut3
1488 381 1676 428 Latine
1699 382 1848 428 baiu-

245 446 332 493 los
352 446 689 506 appellamus.
759 450 809 495 3.
848 451 897 495 ls
918 447 981 494 de
1002 449 1244 507 proximo
1266 461 1386 494 rure
1405 447 1462 493 iu
1482 447 1734 494 Abderam
1757 462 1850 507 op-

244 512 441 572 pidum,
464 514 607 560 cuius
628 514 896 574 popularis
928 515 1053 574 fuit,
1084 515 1323 562 caudices
1343 515 1476 572 ligni
1499 515 1752 572 plurimos
1774 517 1850 561 fu-

246 579 429 626 niculo
450 580 596 628 brevi
616 581 954 628 circumdatos
976 584 1230 640 portabat.
1283 584 1334 628 4.
1358 583 1490 627 Tum
1509 581 1646 628 forte
1667 581 1855 628 Demo·

250 646 444 703 critas,
483 647 711 694 civitatis
732 647 961 694 eiusdem
984 649 1132 703 civis,
1169 647 1323 695 homo
1343 651 1464 695 aute
1487 648 1622 696 alios
1643 647 1854 694 virtutis

248 715 303 758 et
322 713 684 772 philosophiae
704 714 873 772 gratia
895 716 1234 773 venerandus,
1263 729 1378 762 cum
1399 715 1736 774 egrederetur
1753 728 1856 762 ex-

248 783 336 827 tra
349 781 545 840 urbem,
575 781 719 827 videt
739 795 855 827 eum
868 813 881 832 ,
912 795 1023 827 cum
1047 783 1144 829 illo
1164 796 1354 842 genere
1374 782 1550 829 oneris
1569 785 1674 828 tam
1693 782 1856 840 impe-

255 846 365 893 dito
384 859 445 893 ac
474 850 577 894 tam
598 847 872 894 incohibili
894 849 1049 896 facile
1070 853 1218 907 atque
1239 849 1486 908 expedite
1508 849 1854 895 incedentem:

251 916 307 960 et
328 927 488 972 prope
508 914 731 975 accedit,
766 918 818 960 et
838 917 1124 964 iuncturam
1146 914 1530 975 posituramque
1550 915 1700 974 ligni,
1721 916 1852 962 scite

237 980 517 1039 ‘periteque
538 983 743 1035 factam,
766 981 1086 1039 considerat,
1114 983 1361 1042 petitque,
1388 986 1446 1027 ut
1481 982 1744 1040 paululum
1769 995 1855 1027 ac-

249 1045 497 1104 quiescat.
570 1051 618 1094 5.
658 1049 806 1102 Quod
828 1049 917 1094 ubi
936 1050 1270 1109 Protagoras,
1289 1048 1368 1094 uti
1389 1051 1501 1094 erat
1517 1048 1752 1106 petitum,
1777 1049 1857 1094 fe-

252 1113 347 1172 cit3
384 1117 535 1171 atque
554 1114 733 1161 itidem
756 1115 1082 1162 Democritus
1103 1128 1340 1162 acervum
1362 1115 1512 1160 illum
1533 1117 1585 1160 et
1602 1114 1748 1172 quasi
1771 1128 1858 1159 or·

248 1181 365 1228 bem
398 1181 689 1237 caudicum,
726 1181 874 1228 brevi
905 1183 1120 1229 viuculo
1160 1181 1605 1239 comprehensum,
1653 1180 1856 1227 ratione

250 1247 467 1305 quadam
497 1249 641 1305 quasi
671 1248 981 1307 geometrica
1014 1249 1218 1296 librari·
1237 1248 1594 1304 continerique
1627 1241 1858 1294 animadss

251 1314 439 1372 vertit3
474 1314 837 1374 interrogavit,
858 1315 975 1374 quis
996 1316 1045 1363 id
1066 1316 1264 1375 lignum
1287 1315 1358 1361 ita
1379 1314 1776 1373 composuisset:
1807 1317 1860 1359 et

251 1395 368 1427 cum
389 1381 482 1428 ille
502 1395 533 1428 a
553 1395 609 1428 se
632 1382 974 1440 compositum
994 1383 1240 1442 dixisset,
1274 1381 1615 1436 desideravit,
1651 1381 1729 1428 uti
1750 1381 1858 1428 sol-

254 1451 428 1509 veret,
470 1461 529 1494 ac
560 1449 726 1495 denuo
758 1448 812 1494 in
838 1451 1041 1496 modum
1074 1449 1292 1496 eundem
1331 1450 1632 1496 collocaret.
1707 1451 1753 1494 6.
1790 1449 1860 1494 At

252 1518 522 1575 postquam
542 1514 637 1562 ille
668 1515 829 1562 solvit
848 1529 907 1562 ac
928 1516 1174 1564 similiter
1195 1517 1506 1577 composuit:
1545 1517 1650 1562 tum
1669 1515 1858 1562 Demo-

252 1584 435 1639 critus,
464 1582 623 1628 animi
643 1582 806 1629 aciem
826 1583 1220 1642 sollertiamque
1239 1584 1464 1631 hominis
1484 1596 1586 1629 non
1609 1582 1746 1630 docti
1768 1583 1855 1628 de-

253 1649 494 1696 miratus:
531 1650 609 1695 Mn·
626 1650 953 1713 adolescens,
996 1651 1194 1709 iuquit,
1232 1666 1342 1699 cum
1362 1653 1615 1711 ingenium
1637 1650 1858 1711 benefa-

251 1716 424 1761 ciendi·
440 1715 653 1775 habeas,
674 1724 794 1763 'sunt
811 1720 1017 1765 maiora
1036 1719 1372 1779 melioraque,
1393 1718 1732 1779 quaestu-erc
1753 1731 1856 1761 me·

252 1796 369 1829 cum
391 1784 587 1841 possis:
627 1783 941 1841 abduxitque
972 1798 1088 1831 eum
1117 1785 1316 1844 statim,
1357 1784 1628 1842 secumque
1658 1782 1856 1837 habuit,

254 1852 307 1896 et
326 1851 547 1895 sumtum
564 1849 918 1907 ministravit,
957 1856 1009 1898 et
1032 1852 1392 1910 philosophias
1421 1852 1622 1909 docuit,
1663 1853 1716 1896 et
1744 1863 1858 1896 esse

252 1930 372 1963 eum
392 1915 534 1973 fecit,
555 1918 775 1973 quantus
796 1922 977 1975 postea
998 1918 1113 1963 fuit.
1185 1922 1232 1963 7.
1270 1920 1319 1964 Is
1349 1921 1518 1963 tamen
1547 1919 1857 1975 Protagoras

252 1982 550 2029 insincerus
571 1982 774 2039 quidem
796 1984 1155 2043 philo-sophus,
1191 1984 1278 2030 sed
1299 1984 1576 2031 acerrimus
1598 1984 1858 2041 sophista-

252 2063 368 2095 rum
403 2049 529 2107 fuit3
568 2051 836 2108 pecuniam
868 2051 1054 2109 quippe
1092 2052 1351 2109 ingentem
1390 2064 1503 2096 cum
1531 2064 1562 2095 a
1589 2048 1858 2108 discipulis

254 2116 515 2175 acciperet
534 2117 1123 2176 annuam,pollicebatur
1143 2130 1198 2162 se
1219 2116 1272 2161 id
1292 2118 1493 2170 docere,
1507 2128 1722 2174 quanam
1743 2128 1860 2160 ver·

255 2186 439 2229 borum
482 2182 741 2229 industria
778 2196 932 2229 causa
960 2182 1213 2228 infirmior
1239 2183 1384 2229 fieret
1417 2182 1623 2229 fortior.
1695 2183 1859 2235 Quam

254 2262 367 2297 rem
390 2250 585 2297 Graece
614 2250 691 2297 ita
722 2250 946 2296 dicebat:
986 2243 1079 2295 τὸν
1107 2241 1242 2307 ἥττω
1265 2244 1422 2311 λόγον
1443 2246 1654 2312 κρείττω
1679 2250 1855 2295 ποιεῖν.

790 2368 1162 2421 CAPU'I
1232 2368 1334 2421 lv.

314 2452 385 2496 112
402 2452 538 2495 verbo
561 2452 928 2502 emoeem'ceu’mo,
967 2455 1092 2517 quod
1107 2453 1242 2507 vulgo
1265 2450 1550 2507 incognitum
1569 2457 1660 2501 est,
1701 2464 1730 2491 a
1749 2448 1860 2492 viris

370 2508 517 2551 doctis
535 2507 848 2565 multifariam
870 2508 919 2550 in
940 2506 1064 2551 libris
1075 2508 1305 2563 scriptum
1323 2514 1399 2551 est.

329 2584 380 2629 l.
415 2584 560 2641 Apud
586 2583 859 2643 Sigillaria
881 2582 1052 2631 forte
1038 2598 1092 2629 m
1113 2584 1326 2631 libraria
1349 2598 1443 2647 ego
1469 2584 1522 2630 et
1541 2583 1704 2629 lulius
1726 2582 1832 2629 Pau

255 2650 342 2696 lus
363 2652 530 2708 poeta,
572 2650 653 2695 vir
680 2651 925 2696 memoria
953 2654 1130 2696 nostra
1158 2652 1510 2709 doctissimus,
1556 2648 1858 2697 consedera-

255 2730 396 2763 mus:
437 2721 589 2772 atque
620 2717 693 2763 ibi
724 2718 948 2773 expositi
976 2720 1122 2763 erant
1143 2720 1288 2765 Fabii
1318 2720 1556 2781 annales,
1595 2720 1758 2763 bonae
1782 2719 1851 2759 at-
