2134 3091
707 250 1046 295 L18.111.·
1097 251 1273 297 cAP.
1318 251 1395 297 1⁰.
1778 247 1847 300 89

229 365 360 427 fere
381 365 716 421 hebdomade,
735 367 794 410 id
808 373 903 422 est,
928 381 1060 414 >nono
1082 373 1135 412 et
1156 369 1555 428 quadragesimo
1578 366 1674 423 dfe,
1710 375 1845 416 totu·

243 431 426 492 inquit,
459 432 608 478 Immo
627 435 684 478 ἐκ
703 440 853 479 utero
877 435 1183 481 absolvitur.
1254 437 1298 480 8.
1338 434 1489 479 Illam
1511 445 1711 491 quoque
1743 436 1846 482 vim

241 498 442 555 numeri
471 497 978 547 huius'observatam
1007 503 1187 557 refert,
1227 501 1359 559 quod
1381 503 1499 546 ante
1516 513 1741 546 mensem
1762 515 1844 547 se-

243 566 454 622 utimum
482 575 646 622 neque
667 567 925 613 masculus
953 581 1123 624 neque
1152 568 1343 614 femina
1370 567 1647 614 salubriter
1674 580 1731 613 ac
1760 579 1843 614 se·

241 633 457 678 cundum
475 636 711 680 naturam
729 634 874 679 nasci
895 637 1091 692 potest3
1130 639 1181 680 et
1201 635 1337 691 quod
1358 634 1417 690 li,
1451 633 1535 692 qui
1556 632 1841 680 iustissime

243 698 294 742 in
313 702 462 744 utero
485 703 624 758 sunt,
646 704 768 758 post
785 700 1040 754 ducentos
1060 701 1389 760 septuaginta
1408 703 1514 746 tres
1536 700 1663 759 dies,
1696 704 1841 758 post-

241 779 392 823 quam
429 770 547 812 sunt
577 767 840 825 concepti,
869 768 1259 827 quadragesima
1288 767 1506 825 denique
1526 767 1839 814 hebdomade

241 832 314 878 ‘tta
333 837 630 879 nascuntur.
695 838 742 880 9.
773 835 1012 882 Pericula
1031 849 1233 899 quoqne
1257 835 1394 882 vitae
1419 837 1840 892 fortunarumque

237 898 516 957 hominum,
551 913 681 956 quae
702 899 1024 948 climacteras
1053 899 1299 948 Chaldaei
1322 901 1606 960 appellant,
1639 902 1840 960 gravis-

237 965 368 1012 sima
407 977 636 1023 quaeque
675 968 784 1012 lieri
825 969 1042 1014 affirmat
1080 967 1407 1026 septenariis.
1502 971 1577 1014 lo.
1625 969 1840 1014 Praeter

237 1032 394 1090 haec,
437 1033 644 1079 modum
681 1045 796 1079 esse
827 1033 956 1080 dicit
994 1048 1239 1080 summum
1271 1033 1600 1080 adolescendi
1630 1033 1838 1090 humani

239 1097 478 1156 corporis
515 1102 709 1157 septem
746 1101 920 1158 pedes.
995 1103 1075 1147 11.
1124 1100 1274 1154 Quod
1310 1113 1425 1146 esse
1464 1099 1628 1158 magis
1668 1114 1841 1146 verum

239 1165 577 1219 arbitra-ur,
617 1176 765 1222 quam
789 1166 930 1224 qnod
949 1167 1277 1224 Herodotus,
1311 1166 1465 1212 homo
1489 1165 1763 1224 fabulator,
1787 1167 1841 1213 in

239 1231 405 1290 primo
454 1230 814 1290 historiarum,
859 1235 1125 1280 inventum
1174 1246 1287 1279 esse
1327 1235 1419 1278 sub
1444 1237 1597 1280 -terra
1636 1233 1843 1292 scripsit

243 1299 416 1345 Oresti
438 1310 650 1356 corpus,
681 1299 853 1346 cubita
871 1299 1218 1359 longitudinis
1246 1300 1436 1362 habens
1456 1304 1674 1358 septem3
1712 1313 1841 1358 quae

241 1365 439 1412 faciunt
457 1365 613 1422 pedes
639 1365 910 1414 duodecim
929 1370 982 1414 et
999 1367 1359 1426 quadrantem:
1396 1367 1497 1416 nisi
1532 1367 1601 1422 si,
1639 1369 1698 1413 ut
1731 1369 1841 1413 Ho-

235 1445 408 1478 merus
437 1433 680 1490 opinatus
713 1433 817 1492 est,
848 1435 1079 1482 vastiora
1096 1433 1488 1492 prolixioraque
1508 1433 1703 1480 fuerint
1724 1447 1841 1480 cor-

239 1512 366 1557 pora
395 1498 654 1547 hominum
686 1501 1042 1560 antiquorum:
1084 1503 1139 1548 et
1166 1515 1319 1564 nunc,
1360 1500 1507 1560 quasi
1527 1499 1629 1547 iam
1650 1502 1839 1549 mundo

237 1569 540 1613 senescente
557 1598 576 1627 ,
635 1579 810 1616 rerum
847 1573 998 1627 atque
1036 1568 1301 1616 hominum
1340 1570 1663 1615 decrementa
1700 1572 1839 1616 sunt.

238 1635 319 1681 12.
355 1634 550 1680 Dentes
581 1646 782 1693 quoqne
813 1639 866 1683 et
893 1637 948 1682 in
973 1635 1155 1694 primis
1188 1640 1382 1694 septem
1400 1636 1661 1683 mensibus
1684 1640 1737 1682 et
1757 1650 1839 1683 se·

236 1704 422 1758 ptenos
443 1714 513 1749 ex
531 1704 748 1760 utraque
768 1706 914 1762 parte
935 1703 1079 1762 gigni
1104 1703 1195 1760 ait,
1229 1707 1285 1750 et
1304 1704 1488 1750 cadere
1506 1702 1656 1749 annis
1674 1704 1839 1762 septi-

237 1768 353 1826 mis,
371 1770 432 1813 et
447 1768 704 1827 genuinos
725 1770 940 1817 annasei
965 1770 1113 1816 annis
1136 1771 1247 1817 fere
1266 1770 1601 1829 bisseptenis.
1641 1770 1839 1816 13.νο-

238 1847 332 1880 nas
354 1834 508 1881 etiam
528 1835 584 1880 in
599 1835 908 1895 hominibus,
925 1836 1010 1883 vel
1029 1836 1205 1895 potius
1224 1837 1458 1897 arterias,
1478 1838 1705 1883 medicos
1725 1850 1839 1883 mu·-

238 1902 374 1947 sicos
421 1900 594 1949 dicere
623 1902 701 1948 ait
732 1916 947 1950 numero
975 1904 1177 1950 moveri
1206 1904 1531 1963 septenario:
1570 1904 1707 1961 quod
1737 1903 1839 1963 ipsi

237 1967 507 2025 appellant
525 1963 616 2027 τὴν
637 1962 723 2014 διὰ
747 1963 1007 2033 τεσσάρων
1020 1968 1339 2033 ’συμφωνίαις
1370 1984 1500 2029 quae
1522 1970 1577 2016 fit
1594 1970 1651 2016 in
1672 1972 1839 2016 colla-

237 2035 384 2079 tione
405 2036 730 2089 quaternarii
761 2036 981 2081 numeri.
1033 2038 1133 2083 14.
1169 2036 1485 2083 Discrimina
1514 2037 1673 2081 etiam
1702 2037 1841 2094 peri-

236 2102 471 2147 culorum
492 2100 550 2147 in
569 2102 761 2149 morbis
779 2102 976 2148 maiore
995 2101 1049 2148 vi
1071 2103 1185 2147 fieri
1215 2105 1398 2161 putant
1422 2102 1479 2149 in
1504 2101 1711 2161 diebus,
1754 2102 1839 2159 qui

235 2166 579 2213 conficiuntur
598 2181 666 2214 ex
689 2180 904 2214 numero
924 2168 1234 2225 septenarii:
1266 2182 1457 2227 eosque
1480 2167 1591 2213 dies
1613 2170 1837 2215 omnium

235 2232 490 2292 maxime,
519 2233 594 2281 ita
626 2237 682 2280 ut
699 2233 886 2281 medici
907 2234 1199 2293 appellant,
1228 2228 1483 2298 κριτικοὺς
1515 2228 1547 2293 ἢ
1570 2234 1839 2296 κρισίμους

233 2302 420 2357 cuique
442 2300 606 2347 videri
623 2332 638 2359 ,
666 2302 882 2359 primam
903 2300 1271 2351 hebdomadam
1290 2304 1343 2347 et
1362 2302 1639 2347 secundam
1660 2306 1711 2348 et
1732 2305 1837 2348 ter-

232 2368 376 2413 tiam.
451 2370 528 2413 15.
568 2368 746 2425 Neque
773 2381 881 2417 non
903 2368 956 2414 id
976 2367 1133 2414 etiam
1152 2372 1231 2415 est
1250 2368 1315 2415 ad
1332 2368 1437 2415 vim
1462 2368 1837 2426 facultatesque

229 2435 349 2483 eius
373 2434 570 2481 numeri
593 2436 877 2495 augendas,
908 2434 1069 2494 quod,
1103 2435 1287 2493 quibus
1314 2435 1491 2482 inedia
1510 2436 1645 2481 mori
1666 2435 1838 2481 consi-

233 2501 366 2549 lium
391 2504 484 2561 est,
499 2503 718 2560 septimo
737 2502 935 2549 demum
959 2502 1044 2548 die
1062 2506 1282 2549 mortem
1304 2504 1569 2561 oppetunt.
1610 2503 1841 2547 16.llaec

231 2570 404 2615 Varro
437 2569 500 2614 de
527 2582 741 2617 numero
769 2568 1066 2627 septenario
1098 2569 1309 2628 scripsit
1331 2570 1607 2616 admodum
1630 2568 1841 2625 conqui-

229 2636 363 2691 site;
386 2635 476 2680 sed
495 2636 606 2682 alia
624 2650 824 2694 quoque
844 2636 1032 2683 ibidem
1055 2636 1294 2696 congerit
1312 2632 1695 2695 frigidiuscula‘3
1730 2636 1842 2681 vel-

227 2703 314 2752 uti
337 2704 530 2760 septem
553 2716 712 2761 opera
731 2716 845 2751 esse
867 2705 922 2750 in
943 2706 1066 2751 orbe
1088 2708 1261 2751 terrac
1280 2703 1530 2760 miranda,
1564 2708 1615 2749 et
1637 2703 1843 2760 sapien-

227 2778 316 2820 tes
361 2770 482 2816 item
520 2774 694 2818 vetere
753 2776 947 2831 septem
989 2772 1155 2818 fuisse
1166 2804 1184 2829 ,
1223 2776 1275 2819 et
1313 2772 1572 2819 curricula
1607 2770 1843 2817 ludorum
