2134 3091
626 222 788 269 LIB.
832 224 1023 269 xvll.
1095 226 1272 273 cAP.
1311 228 1393 273 21.
1713 222 1810 275 405

184 340 467 387 Eudoxus
504 336 800 398 astrologus
845 338 901 385 in
937 343 1076 387 terra
1111 340 1330 387 Graecia
1367 342 1671 389 nobilitatus
1711 349 1814 390 est:

186 406 711 463 Lacedaemoniique
734 408 793 451 ab
818 406 1226 473 Atheniensibus
1247 408 1382 466 apud
1404 410 1706 469 Corinthum
1725 423 1812 455 su-

188 474 398 533 perati,
428 474 557 519 duce
577 473 909 520 Phormione:
966 476 1046 519 24.
1069 478 1122 520 et
1138 476 1210 521 M.
1232 474 1462 521 Manlius
1481 476 1695 535 Romae,
1725 476 1812 533 qui

193 542 399 587 Gallos
420 539 475 585 in
495 539 765 586 obsidione
788 541 1053 599 Capitolii,
1086 543 1389 599 obrepentes
1412 556 1504 600 per
1523 541 1699 599 ardua,
1723 542 1814 587 de-

192 608 435 665 pulerat,
478 607 746 653 convictus
775 610 880 665 est,
926 608 1200 654 consilium
1232 608 1294 653 de
1321 622 1482 667 regno
1513 608 1810 667 occupando

194 674 391 729 inisse,
414 673 777 731 damnatusque
798 674 998 733 capitis,
1022 688 1051 721 e
1071 688 1201 721 saxo
1225 676 1466 735 Tarpeio,
1487 679 1543 723 ut
1560 678 1810 721 M.Varro

198 740 303 795 ait,
324 752 574 799 praeceps
594 742 744 787 datus
766 745 868 787 est:
908 744 967 787 ut
990 741 1267 788 Cornelius
1295 744 1460 789 autem
1482 746 1656 801 Nepos
1680 742 1813 788 scri-

199 810 352 864 ptum
372 806 603 863 reliquit,
632 809 951 854 verberando
971 813 1184 855 necatus
1206 812 1301 855 est.
1372 812 1454 855 25.
1489 810 1670 868 quue
1693 810 1808 867 ipso

200 888 348 919 anno
362 905 380 929 ,
421 874 508 931 qui
538 877 649 920 erat
675 879 792 932 post
810 877 1164 932 recuperatam
1183 879 1361 923 urbem
1382 877 1652 934 septimus,
1691 876 1811 922 Ari-

200 941 453 987 stotelem
476 941 834 999 philosophum
854 945 1030 987 natum
1052 954 1182 1004 esse,
1220 942 1498 991 memoriae
1518 944 1812 989 mandatum

200 1010 303 1054 est.
380 1009 464 1053 26.
502 1008 717 1065 Aliquot
750 1009 933 1055 deinde
958 1008 1108 1055 annis
1127 1012 1245 1067 post
1265 1010 1460 1055 bellum
1479 1010 1808 1067 Senonicum,

200 1074 445 1121 Thebani
462 1068 901 1121 Lacedaemonios
917 1106 931 1134 ,
963 1076 1090 1121 duce
1113 1076 1486 1133 Epaminonda,
1521 1076 1653 1134 apud
1674 1076 1810 1121 Leu-

201 1145 316 1188 ctra
356 1147 753 1199 superaverunt:
808 1146 889 1187 27.
925 1156 983 1187 ac
1012 1142 1157 1188 brevi
1187 1144 1304 1199 post
1334 1146 1566 1200 tempore
1593 1144 1648 1187 in
1681 1144 1808 1188 urbe

202 1210 371 1255 Roma
390 1208 708 1267 legeLicinii
724 1208 959 1256 Stolonis
981 1209 1223 1255 consules
1245 1209 1413 1255 creari
1433 1209 1590 1254 etiam
1607 1222 1675 1254 ex
1696 1209 1800 1266 ple-

202 1276 265 1321 be
290 1275 481 1333 coepti,
504 1289 615 1322 cum
637 1279 786 1324 antea
804 1277 885 1322 ius
903 1290 1007 1321 non
1028 1277 1183 1336 esset,
1214 1274 1400 1322 nisiex
1425 1274 1660 1333 patriciis
1682 1290 1808 1333 gen-

204 1342 364 1402 tibus,
388 1342 495 1387 fleri
519 1344 777 1390 consules.
833 1346 914 1389 28.
938 1341 1088 1389 Circa
1107 1356 1294 1388 annum
1316 1342 1500 1389 deinde
1517 1342 1661 1388 urbis
1683 1356 1804 1388 con-

206 1409 346 1455 ditae
367 1410 919 1468 quadringentesimum
943 1409 1230 1467 Philippus,
1249 1411 1499 1468 Amyntae
1520 1410 1810 1467 lilius‚Ale-

206 1475 401 1522 xandri
420 1478 581 1536 pater,
601 1490 809 1535 regnum
832 1471 1172 1523 Macedoniae
1191 1477 1406 1535 adeptus
1428 1479 1531 1523 est:
1573 1477 1724 1535 inque
1746 1489 1806 1523 eo

208 1545 445 1602 tempore
467 1544 765 1591 Alexander
782 1550 931 1592 natus
954 1548 1059 1592 est:
1100 1545 1182 1590 29.
1213 1544 1490 1604 paucisque
1512 1543 1634 1590 inde
1657 1542 1804 1590 annis

207 1613 333 1668 post
350 1610 499 1657 Plato
520 1611 861 1670 philosophus
882 1611 945 1657 ad
966 1612 1276 1671 Dionysium
1299 1612 1512 1660 Siciliae
1532 1615 1806 1669 tyrannum

208 1677 548 1736 posteriorem
571 1681 835 1737 profectus
856 1683 949 1725 est.
974 1682 1053 1726 30.
1069 1680 1388 1727 Postdeinde
1399 1679 1664 1738 aliquanto
1676 1682 1806 1724 tem-

211 1757 337 1802 pore
362 1745 633 1804 Philippus
656 1747 785 1804 apud
810 1747 1159 1793 Chaeroneam
1190 1747 1394 1806 proelio
1427 1759 1612 1804 magno
1645 1745 1805 1791 Athe.

211 1810 423 1858 nienses
444 1813 587 1857 vicit.
644 1815 719 1857 31.
742 1813 869 1857 Tum
892 1813 1264 1861 Demosthenes
1285 1816 1464 1859 orator
1481 1827 1544 1859 ex
1567 1825 1628 1858 eo
1653 1826 1806 1870 proe-

214 1879 287 1924 lio
306 1879 525 1924 salutem
548 1881 669 1936 fuga
688 1879 968 1936 quaesivit3
1008 1893 1222 1938 cumque
1244 1880 1297 1924 id
1317 1879 1394 1936 ei,
1426 1880 1564 1934 quod
1585 1881 1806 1936 fugerat,

212 1947 459 2004 probrose
481 1945 815 2001 obiiceretur,
838 1958 993 1990 versu
1016 1945 1113 1990 illo
1134 1945 1407 1992 notissimo
1430 1945 1612 1991 elusit:

271 2005 435 2071 Ἀνὴρ,
458 2011 641 2066 inquit,
664 2005 692 2053 ὁ
716 2005 911 2072 φεύγων
938 2009 1021 2054 καὶ
1041 2005 1191 2054 πάλιν
1209 2003 1514 2072 μαχήσεται.

220 2079 296 2122 32.
334 2077 521 2122 Postea
547 2077 815 2135 Philippus
846 2089 914 2122 ex
944 2075 1151 2122 insidiis
1181 2076 1460 2133 occiditur;
1500 2078 1551 2122 et
1573 2077 1809 2122 Alexan-

219 2143 320 2198 der,
340 2155 550 2200 regnum
574 2141 803 2201 adeptus,
834 2143 899 2188 ad
918 2143 1232 2200 subigendos
1253 2144 1437 2187 Persas
1460 2142 1514 2187 in
1534 2142 1706 2188 Asiam
1729 2146 1809 2188 at-

221 2221 313 2264 que
350 2208 404 2253 in
451 2210 713 2254 Orientem
750 2213 1102 2266 transgressus
1139 2212 1232 2256 est.
1321 2211 1402 2254 33.
1453 2209 1600 2255 Alter
1637 2212 1804 2254 autem

220 2275 539 2331 Alexander,
579 2275 660 2320 cui
684 2278 1074 2334 cognomentum
1093 2275 1330 2322 Molosso
1354 2274 1477 2332 fuit,
1515 2275 1570 2320 in
1601 2274 1806 2320 ltaliam

221 2340 379 2398 venit,
410 2342 602 2388 bellum
624 2343 817 2401 populo
840 2344 1066 2388 Romano
1092 2344 1348 2398 facturus3
1391 2341 1493 2387 iam
1517 2341 1648 2387 enim
1672 2342 1806 2386 fama

222 2407 481 2466 virtusque
512 2409 781 2455 felicitatis
802 2411 1057 2455 Romanae
1090 2410 1224 2468 apud
1255 2411 1466 2455 exteras
1487 2410 1670 2466 gentes
1691 2407 1805 2452 eni-

221 2479 407 2522 tescere
430 2475 777 2534 incoeptabat3
816 2476 905 2522 sed
925 2476 1088 2536 prius,
1109 2489 1258 2534 quam
1277 2475 1466 2521 bellum
1492 2475 1702 2531 faceret,
1727 2473 1806 2518 vi-

221 2546 269 2587 ta
290 2543 522 2590 decessit.
594 2543 723 2590 Eum
744 2544 1057 2602 Molossum,
1099 2557 1210 2589 cum
1239 2543 1290 2587 in
1323 2541 1525 2586 ltaliam
1545 2540 1806 2597 transiret,

223 2609 408 2656 dixisse
429 2611 741 2669 accepimus,
776 2623 830 2657 se
850 2610 1055 2667 quidem
1076 2611 1138 2657 ad
1158 2611 1416 2656 Romanos
1438 2608 1516 2654 ire
1530 2643 1542 2667 ‚
1584 2606 1730 2664 quasi
1751 2607 1805 2652 in

222 2671 511 2740 ἀνδρωνῖτιν
521 2699 545 2736 ,·
584 2678 918 2724 Macedonem
942 2677 1047 2724 isse
1071 2677 1135 2724 ad
1153 2677 1359 2736 Persas,
1381 2675 1529 2733 quasi
1549 2675 1602 2720 in
1626 2689 1804 2734 γυναι-

223 2751 427 2793 κωνῖτιν.
497 2749 574 2794 34.
613 2747 801 2794 Postea
819 2746 1035 2792 Macedo
1054 2743 1355 2794 Alexander
1380 2744 1626 2803 pleraque
1656 2745 1802 2802 parte
