2134 3091
655 203 818 250 LIB.
863 205 942 252 11.
1013 203 1195 252 cAP.
1232 205 1316 252 24.
1734 200 1803 255 6¹1

177 332 298 368 sese
331 319 574 369 convivia
612 322 899 380 agitarent,
936 321 1116 368 iurare
1155 322 1293 380 apud
1330 319 1581 368 Consules
1622 321 1801 368 verbis

179 389 473 449 conceptis,
511 401 618 435 non
646 389 869 447 amplius
899 389 956 434 in
983 388 1220 448 singulas
1248 401 1439 435 coenas
1464 390 1664 434 sumtus
1682 402 1800 436 esse

179 456 442 511 facturos,
471 469 621 513 quam
642 460 892 503 centenos
913 455 1231 514 vicenosque
1251 454 1417 513 aeris,
1446 456 1654 513 praeter
1682 457 1801 502 olus

179 525 234 569 et
256 523 338 569 far
357 526 409 570 et
429 522 630 581 vinum3
670 537 838 580 neque
861 523 982 570 vino
1004 523 1319 582 alienigena,
1353 523 1445 568 sed
1465 520 1655 582 patrio,
1674 535 1803 570 usu-

179 599 300 645 ros«)
338 603 506 646 neque
528 591 732 650 argenti
753 591 808 636 in
831 589 1077 637 convivio
1099 591 1217 649 plus
1240 589 1439 648 pondo,
1468 601 1620 646 quam
1640 589 1802 636 libras

182 659 392 703 centum
412 657 673 704 illaturos.
727 661 776 704 3.
813 658 917 705 Sed
947 660 1067 716 post
1087 658 1142 704 id
1160 660 1372 706 senatus
1394 655 1691 703 consultum
1707 657 1803 704 lex

180 723 386 769 Fannia
404 724 513 770 lata
530 728 630 784 est,
659 739 791 782 quae
812 725 952 772 ludis
971 725 1237 782 Romanis,
1268 724 1389 771 item
1412 723 1555 770 ludis
1576 723 1803 782 plebeiis

182 793 234 835 et
257 791 650 846 Saturnalibus,
688 796 740 840 et
767 793 888 838 aliis
910 793 1211 850 quibusdam
1236 792 1447 848 diebus,
1485 790 1540 836 in
1562 791 1801 851 singulos

182 857 296 904 dies
336 862 583 905 centenos
620 860 763 906 aeris
800 859 992 906 insumi
1030 860 1315 918 concessit,
1360 860 1637 916 decemque
1676 858 1801 906 aliis

181 924 366 973 diebus
415 926 468 971 in
519 926 746 984 singulis
783 926 1050 974 mensibus
1099 927 1355 983 tricenos;
1398 926 1589 972 ceteris
1631 929 1802 972 autem

180 993 422 1040 omnibus
455 993 638 1039 diebus
665 995 846 1040 denos.
917 996 968 1039 4.
1005 993 1153 1040 Hanc
1180 993 1419 1040 Lucilius
1448 995 1602 1052 poeta
1630 994 1802 1052 legem

180 1058 372 1117 signat,
393 1073 504 1105 cum
530 1059 658 1106 dicit
677 1073 690 1106 ε

318 1149 386 1160 —-
401 1150 471 1160 —
489 1126 666 1173 Fanni
683 1128 1036 1186 ememusque
1057 1127 1304 1174 misellos.

183 1196 230 1239 5.
271 1194 329 1239 In
357 1206 458 1250 quo
489 1196 798 1240 erraverunt
823 1193 1033 1252 quidam
1063 1192 1547 1241 commentariorum
1570 1193 1623 1240 in
1643 1195 1801 1242 Luci..

183 1259 312 1307 lium
331 1260 632 1319 scriptores,
655 1262 794 1318 quod
814 1265 1143 1320 putaverunt,
1167 1261 1370 1308 Fannia
1390 1261 1801 1320 legeperpetuos

181 1327 236 1373 in
260 1341 412 1375 omne
433 1328 632 1374 dierum
654 1343 821 1388 genus
843 1331 1095 1376 centenos
1116 1329 1254 1376 aeris
1276 1332 1522 1375 statutos.
1595 1331 1641 1374 6.
1669 1332 1801 1376 Cen.

178 1398 288 1442 tum
307 1395 446 1442 enim
467 1396 606 1442 aeris
625 1396 856 1444 Fannius
879 1397 1172 1457 constituit,
1204 1395 1360 1443 sicuti
1382 1409 1537 1454 supra
1559 1397 1690 1456 dixi,
1723 1399 1803 1445 fe-

179 1463 275 1510 stis
313 1463 618 1521 quibusdam
657 1463 863 1525 diebus,
914 1477 1106 1518 eosque
1145 1465 1285 1524 ipsos
1328 1463 1443 1510 dies
1480 1463 1798 1515 nominavit:

180 1532 404 1578 aliorum
437 1534 610 1579 autem
639 1532 838 1579 dierum
867 1531 1095 1579 omnium
1124 1532 1179 1579 in
1200 1531 1439 1591 singulos
1468 1531 1580 1579 dies
1602 1535 1800 1579 sumtus

179 1599 399 1646 inclusit
424 1599 563 1648 intra
591 1600 728 1647 aeris
757 1600 891 1646 alias
914 1600 1163 1658 tricenos,
1194 1600 1329 1647 alias
1350 1601 1527 1647 denos.
1601 1602 1652 1647 7.
1685 1601 1799 1649 Lex

181 1666 367 1725 deinde
394 1667 600 1713 Licinia
625 1671 810 1727 rogata
829 1670 933 1726 est3
973 1680 1107 1725 quae
1137 1681 1251 1715 cum
1273 1667 1429 1715 certis
1452 1668 1659 1725 diebus,
1696 1668 1800 1715 sic-

180 1734 256 1781 uti
276 1734 504 1792 Fannia,
535 1739 781 1782 centenos
801 1735 940 1781 aeris
960 1734 1189 1793 impendi
1217 1734 1565 1795 permisisset,
1597 1736 1795 1795 nuptiis

180 1805 408 1849 ducenos
437 1802 681 1860 indulsit3
724 1802 1013 1860 ceterisque
1047 1802 1229 1851 diebus
1261 1803 1446 1850 statuit
1475 1802 1613 1849 aeris
1642 1802 1801 1849 trice-

179 1882 300 1924 nos3
343 1884 455 1915 cum
487 1872 541 1915 et
571 1869 742 1915 caruis
770 1870 950 1917 aridae
979 1870 1032 1916 et
1059 1870 1361 1918 salsamenti
1396 1874 1539 1917 certa
1567 1871 1800 1929 pondera

181 1938 235 1982 in
260 1936 498 1994 singulos
527 1937 637 1983 dies
667 1937 1019 1984 constituerit:
1059 1938 1151 1983 sed
1180 1938 1429 1995 quidquid
1458 1939 1597 1983 esset
1618 1940 1801 1983 natum

181 2019 210 2051 e
229 2006 395 2056 terra,
423 2004 550 2059 vite,
582 2006 795 2059 arbore,
824 2004 1119 2063 promiscue
1139 2008 1293 2062 atque
1316 2004 1583 2051 indefinite
1605 2004 1799 2064 largita

181 2072 277 2117 est.
348 2073 396 2115 8.
436 2070 604 2115 Huius
634 2070 769 2129 legis
797 2072 1023 2117 Laevius
1059 2073 1218 2129 poeta
1252 2070 1490 2117 meminit
1517 2073 1569 2116 in
1601 2072 1797 2117 Eroto-

182 2136 436 2197 paegniis.
511 2140 557 2183 9.
595 2138 770 2183 Verba
789 2137 974 2184 Laevii
999 2137 1127 2184 haec
1148 2144 1293 2197 sunt,
1333 2138 1520 2195 quibus
1542 2137 1799 2197 significat

180 2204 426 2263 hoedum,
467 2204 554 2261 qui
583 2204 649 2249 ad
677 2205 858 2261 epulas
889 2205 1064 2251 fuerat
1086 2205 1303 2262 allatus,
1342 2204 1635 2261 dimissum,
1676 2220 1798 2251 coe-

179 2286 398 2329 namque
419 2272 512 2331 ita‚
542 2273 600 2317 ut
619 2272 711 2318 lex
731 2270 936 2317 Licinia
956 2272 1241 2328 sanxisset,
1270 2271 1439 2330 pomis
1460 2272 1795 2331 oleribusque

180 2341 510 2387 instructam:

249 2407 362 2455 Lex·
385 2408 606 2468 Licinia,
629 2404 816 2467 inquit,
838 2407 1220 2455 introducitur:

249 2474 372 2521 Lux
391 2476 590 2535 liquida
609 2474 772 2521 leoedo
797 2474 1050 2521 redditur.

185 2545 263 2589 10.
300 2542 536 2590 Lucilius
557 2555 760 2601 quoque
781 2541 917 2602 legis
939 2540 1095 2589 istius
1112 2540 1351 2588 meminit
1374 2541 1429 2588 in
1452 2541 1532 2590 his
1557 2542 1757 2591 verbis:

249 2608 429 2669 Legem
451 2613 665 2657 vitemus
688 2610 872 2657 Ia‘eini.

183 2678 261 2722 11.
301 2678 494 2723 Postea
513 2679 570 2723 1..
593 2678 742 2724 Sulla
763 2678 1013 2737 dictator,
1045 2690 1185 2737 cum,
1223 2675 1431 2735 legibus
1452 2677 1569 2725 istis
1590 2677 1693 2724 situ
1714 2681 1795 2725 at-

180 2758 278 2803 que
299 2745 446 2792 senio
467 2745 781 2811 obliteratis,
794 2746 1030 2806 plerique
1050 2745 1105 2791 in
1124 2744 1453 2805 patrimoniis
1473 2746 1659 2807 amplis
1678 2746 1795 2793 hel-
