2134 3091
529 228 691 277 LIB.
734 228 960 280 XVIH.
1030 232 1208 279 cAP.
1251 234 1329 279 10.
1631 232 1735 281 421

130 346 247 392 dico
282 344 654 404 offendissent,
698 350 847 407 atque
878 349 927 397 id
960 345 1219 396 murmure
1251 350 1303 394 et
1322 348 1467 393 vultu
1491 351 1731 397 ostende-

129 415 271 469 rent3
312 415 419 459 tum
447 414 520 459 ibi
553 416 783 471 Taurus,
823 419 879 461 ut
912 430 1018 463 mos
1048 416 1158 463 eius
1195 414 1321 469 fuit,
1360 415 1488 459 ssati
1517 416 1732 463 leniter:

130 479 289 537 Certi,
315 478 497 539 inquit,
520 493 711 542 sumus,
736 482 816 527 vir
838 485 989 541 bone,
1011 496 1116 530 non
1141 482 1382 541 ignorare
1403 484 1470 540 te,
1501 482 1618 538 quid
1645 496 1733 529 ve·

132 558 199 591 na
229 546 543 605 appelletur,
581 551 636 594 et
662 548 785 605 quid
811 550 1029 607 arten-im
1070 550 1202 609 quod
1237 561 1395 594 venae
1425 548 1628 605 quidem
1649 563 1734 595 su-

132 616 250 670 apte
281 612 332 657 vi
363 612 655 660 immobiles
684 615 815 676 sint,
855 621 905 663 et
924 616 1188 675 sanguinis
1209 618 1404 661 tantum
1434 614 1736 662 demittendi

132 678 300 737 gratia
329 680 701 739 explorentur3
751 682 976 729 arteriae
1010 687 1179 729 autem
1215 686 1354 728 motu
1390 686 1541 741 etque
1582 683 1735 740 pulsu

134 758 227 791 suo
250 745 479 793 habitum
505 749 557 793 et
576 747 781 794 modum
803 750 1019 796 febrium
1041 751 1417 796 demonstrent:
1471 751 1518 794 6.
1549 749 1656 805 sed,
1677 751 1738 796 ut

134 811 285 857 video
301 845 313 868 ,
336 814 641 873 pervulgate
660 816 850 873 magis,-
872 830 1019 873 quam
1039 816 1247 870 inscite,
1272 815 1484 861 locutus
1505 829 1584 875 es;
1627 829 1736 862 non

132 879 270 924 enim
297 882 349 924 te
378 880 574 939 solum,
612 882 703 928 sed
726 882 862 929 alios
882 898 1080 941 quoque
1104 883 1282 929 itidem
1303 885 1534 929 errantes
1559 882 1734 929 audivi

134 958 316 992 venam
346 959 437 1005 pro
468 949 662 995 arteria
691 949 882 995 dicere.
932 951 999 1009 “1.
1039 951 1144 996 Fae
1174 950 1362 1008 igitur,
1404 952 1460 995 ut
1490 950 1736 1007 experia-

128 1026 259 1071 mur,
272 1013 647 1071 elegantiorem
670 1028 783 1062 esse
805 1017 931 1062 tein
954 1016 1218 1067 medendo,
1241 1028 1389 1073 quam
1412 1016 1465 1061 in
1488 1016 1733 1075 dicendo;

132 1082 183 1125 et
214 1092 327 1125 cum
356 1080 457 1127 diis
484 1084 614 1128 bene
642 1083 939 1130 volentibus
962 1087 1230 1141 operatua
1250 1081 1404 1127 sistas
1423 1082 1558 1127 hunc
1578 1083 1731 1129 nobis

133 1160 306 1191 sanum
328 1150 481 1205 atque
500 1150 729 1195 validum
750 1162 895 1208 quam
919 1150 1183 1195 citissime.
1223 1152 1272 1195 8.
1295 1150 1408 1194 Hoc
1429 1148 1524 1207 ego
1547 1152 1731 1207 postea.

133 1226 241 1259 cum
262 1213 317 1259 in
336 1214 535 1261 medico
558 1216 923 1274 reprehensum
949 1230 1061 1263 esse
1083 1214 1442 1269 meminissem,
1465 1216 1737 1261 existima-

132 1280 179 1325 vi
214 1294 318 1326 non
345 1282 547 1329 medico
580 1284 698 1337 soli,
738 1283 828 1329 sed
860 1284 1094 1329 omnibus
1126 1294 1326 1340 quoque
1351 1282 1642 1329 hominibus
1667 1282 1737 1327 li-

132 1346 267 1393 beris
296 1347 689 1409 liberaliterque
719 1349 973 1397 institutis
1005 1354 1155 1409 turpe
1177 1356 1312 1403 ess'e,
1353 1362 1418 1394 ne
1443 1362 1504 1394 ea
1527 1348 1737 1408 quidem

132 1410 439 1472 cognovisse
462 1415 523 1461 ad
543 1418 783 1463 notitiam
805 1418 1039 1476 corporis
1061 1416 1231 1464 nostri
1251 1415 1578 1474 pertinentia,
1604 1428 1734 1474 quae

131 1494 233 1525 uon
256 1482 416 1528 altius
440 1484 799 1543 occultiusque
822 1484 1018 1532 remota
1037 1488 1186 1541 sunt3
1211 1486 1262 1529 et
1282 1496 1414 1541 quae
1431 1485 1620 1530 notula
1638 1497 1735 1530 no-

130 1548 209 1594 bis
245 1551 465 1598 tuendae
504 1553 821 1600 valetudinis
865 1567 1019 1601 causa
1053 1558 1106 1601 et
1135 1553 1185 1598 in
1217 1554 1423 1610 promtu
1451 1564 1565 1598 esse
1597 1555 1649 1598 et
1678 1550 1734 1598 in

131 1617 409 1675 propatulo
428 1620 687 1668 voluerit:
742 1635 801 1668 oc
828 1625 1120 1682 propterea,
1160 1623 1404 1679 quantum
1433 1618 1589 1666 habui
1608 1623 1732 1666 tem-

132 1683 273 1740 poris
294 1683 569 1748 subsicivi,
606 1688 888 1734 medicinae
910 1703 1114 1747 quoque
1138 1687 1448 1745 disciplinae
1469 1686 1632 1734 libros
1655 1689 1734 1734 at-

130 1749 253 1808 tigi,
266 1764 393 1808 quos
412 1753 701 1801 arbitrabar
714 1769 827 1802 esse
846 1755 1064 1802 idoneos
1083 1756 1144 1800 ad
1163 1753 1464 1807 docendum,
1478 1757 1530 1799 et
1547 1767 1616 1799 ex
1630 1753 1734 1812 his,

133 1831 247 1862 cum
274 1818 381 1865 ulio
412 1820 657 1877 pleraque
687 1824 747 1868 ab
780 1821 881 1866 isto
916 1822 1253 1868 humanitatis
1287 1833 1383 1864 usu
1414 1833 1520 1864 non
1543 1819 1732 1876 aliena,

130 1889 236 1929 tum
275 1886 336 1931 de
378 1887 526 1931 venis
563 1900 764 1944 quoque
802 1891 855 1933 et
890 1889 1098 1936 arteriis
1140 1887 1382 1932 didicisse
1419 1885 1627 1944 videor,
1667 1885 1734 1930 ed

32 2007 34 2016 Ι
128 1951 263 1997 hunc
294 1953 453 1997 ferme
486 1951 712 1998 modum.
783 1956 833 1998 9.
871 1955 1019 1999 Vena
1048 1957 1128 1999 est
1155 1951 1578 2009 conceptaculum
1611 1962 1733 1996 san-

130 2018 327 2075 guinis,
367 2017 503 2074 quod
531 2011 739 2077 ἀγγεῖον
764 2017 952 2064 medici
983 2022 1202 2076 vocant,
1237 2015 1392 2062 mixti
1423 2017 1732 2074 confusique

129 2098 239 2130 cum
279 2082 466 2141 spiritu
502 2083 754 2144 naturali,
793 2084 849 2130 in
889 2098 989 2142 quo
1028 2087 1147 2143 plus
1184 2081 1450 2141 sanguinis
1490 2085 1595 2144 est,
1632 2084 1732 2130 mi-

129 2163 225 2196 nus
258 2145 497 2207 spiritus:
542 2151 737 2197 arteria
760 2155 840 2198 cst
871 2153 1294 2210 conceptaculum
1331 2148 1544 2206 spiritus
1577 2156 1731 2197 notu-

126 2215 269 2272 ralis‚
288 2215 441 2266 mixti
467 2217 776 2275 confusique
797 2232 911 2264 cum
930 2219 1206 2276 sanguine3
1237 2219 1292 2263 in
1314 2229 1414 2273 quo
1437 2216 1552 2275 plus
1575 2217 1732 2275 spiri-

125 2293 207 2332 tus
228 2289 323 2347 est,
344 2287 515 2333 minus
538 2284 831 2341 sanguinis.
902 2289 978 2331 ιθ.
1001 2277 1251 2349 Σφυγμός
1271 2283 1442 2329 autem
1461 2286 1542 2329 est
1561 2283 1731 2330 inten-

128 2353 201 2398 tio
234 2356 403 2399 motus
432 2358 483 2398 et
510 2350 753 2400 remissio
787 2351 843 2396 in
872 2353 1027 2400 corde
1054 2356 1108 2399 et
1127 2353 1181 2398 in
1203 2348 1418 2406 arteria,
1453 2350 1730 2410 naturalis,

127 2433 229 2466 non
252 2419 567 2478 arbitrariu-
587 2422 664 2466 ll.
696 2435 728 2467 a
755 2418 971 2466 medicis
1004 2422 1174 2466 autem
1207 2415 1468 2464 veteribus
1489 2417 1728 2464 oratione

128 2491 326 2534 Graeco
351 2487 424 2534 ita
454 2485 693 2536 definitus
712 2490 819 2534 est:
860 2481 1112 2550 Σὶρυγμός
1132 2487 1239 2531 ἐστι
1259 2478 1506 2544 διαστολὴ
1528 2482 1614 2530 καὶ
1635 2499 1730 2532 συ-

127 2569 153 2600 σ
167 2549 284 2614 ιὀλὴ
308 2547 671 2618 (ἔποδιαίρετος
689 2547 939 2619 ἀρτηρίας
962 2552 1045 2600 καὶ
1066 2550 1299 2618 καρδίας.
