2134 3091
333 199 401 251 68
838 201 1047 246 AULl
1121 203 1439 250 GELLll

332 320 633 376 luarentur,
674 319 727 365 et
756 315 1005 366 familiam
1030 319 1408 378 pecuniamque
1440 332 1584 366 suam
1611 317 1950 377 prandiorum

334 385 627 446 gurgitibus
648 385 987 444 proluissent,
1001 385 1170 445 legem
1189 387 1253 433 ad
1271 387 1520 445 populum
1539 386 1679 442 tulit,
1701 399 1804 443 qua
1825 397 1952 432 cau-

337 455 447 501 tum
466 455 563 510 est,
584 455 643 499 ut
662 451 931 510 Kalendis,
961 453 1154 508 Idibus,
1179 454 1461 512 Nonisque,
1483 454 1664 501 diebus
1685 453 1952 510 ludorum,

340 523 395 567 et
422 520 571 567 feriis
600 520 907 578 quibusdam
942 520 1286 567 sollemnibus
1316 521 1589 568 sestertios
1627 519 1859 567 tricenos
1892 520 1952 564 iu

339 602 553 635 coenam
587 587 849 633 insumere
884 586 966 633 ius
994 590 1330 646 potestasque
1357 591 1521 646 esset3
1562 587 1748 635 ceteris
1777 589 1955 633 autem

338 655 463 701 aliis
492 655 675 701 diebus
704 653 941 700 omnibus
968 665 1074 700 non
1101 655 1322 714 amplius
1344 658 1538 702 ternos.
1615 656 1695 700 12.
1731 655 1954 700 Praeter

338 722 433 768 has
453 722 599 780 leges
620 720 897 767 Aemiliam
917 733 1124 779 quoque
1151 721 1322 780 legem
1349 722 1670 780 invenimus3
1707 734 1810 778 qua
1829 721 1954 780 lege

338 802 444 834 non
465 791 663 835 sumtus
684 800 974 847 coenarum,
988 788 1082 834 sed
1101 788 1332 836 ciborum
1351 802 1516 848 genus
1539 792 1592 835 et
1608 789 1793 835 modus
1803 800 1956 847 prae-

339 854 516 901 finitus
537 857 634 902 est.
711 857 792 902 13.
828 855 943 902 Lex
968 855 1158 904 deinde
1185 857 1344 902 Antia
1373 859 1582 915 praeter
1609 859 1830 903 sumtum
1860 868 1953 901 ae-

339 921 417 969 ris
439 921 492 968 id
514 923 669 968 etiam
690 921 883 980 sanxit,
912 925 989 980 ut,
1016 923 1107 983 qui
1125 924 1460 983 magistratus
1481 926 1640 982 esset,
1669 923 1954 982 magistra-

341 992 516 1037 tumve
542 993 787 1050 captur'us
807 992 967 1050 esset,
996 1004 1062 1038 ne
1083 1004 1185 1048 quo
1206 992 1272 1037 ad
1293 1004 1523 1050 coenam,
1567 990 1671 1036 nisi
1693 991 1759 1037 ad
1780 993 1952 1038 certas

338 1071 618 1116 personas,
656 1057 832 1105 itaret.
906 1061 985 1105 14.
1024 1060 1296 1105 Postremo
1325 1059 1418 1105 lex
1443 1059 1582 1106 Iulia
1609 1058 1675 1104 ad
1701 1057 1956 1117 populum

338 1125 593 1185 pervenit,
616 1127 838 1173 Caesare
858 1127 1097 1184 Augusto
1119 1126 1428 1185 imperante:
1447 1139 1548 1183 qua
1565 1125 1816 1184 profestis
1839 1124 1957 1188 qui-

340 1191 453 1238 dem
474 1193 655 1239 diebus
678 1193 888 1240 ducenti
908 1194 1184 1251 finiuntur3
1223 1192 1504 1252 Kalendis,
1538 1193 1735 1249 idibus,
1765 1191 1952 1246 Nonis,

338 1261 394 1305 et
430 1259 552 1307 aliis
588 1259 898 1316 quibusdam
936 1260 1146 1307 festivis
1180 1261 1429 1318 trecenti3
1467 1259 1667 1320 nuptiis
1696 1262 1868 1306 autem
1899 1263 1957 1304 et

335 1325 559 1384 repotiis
587 1328 691 1372 HS.
720 1327 887 1372 mille.
960 1329 1038 1374 1⁵.
1077 1327 1211 1374 Esse
1239 1327 1396 1373 etiam
1427 1327 1556 1374 dicit
1583 1327 1766 1386 Capito
1804 1328 1955 1372 Atte-

338 1392 425 1438 ius
456 1392 706 1452 edictum,
745 1392 940 1439 Divine
958 1394 1212 1454 Augusti,
1239 1406 1308 1440 au
1329 1393 1533 1441 Tiberii
1555 1393 1820 1448 caesaris,
1847 1406 1957 1440 uon

340 1457 471 1504 satis
498 1458 852 1506 commemini:
898 1473 998 1517 quo
1028 1461 1200 1508 edicto
1229 1474 1322 1520 per
1349 1462 1550 1508 dierum
1575 1460 1750 1508 varias
1789 1461 1956 1506 solle-

340 1524 588 1573 mnitates
608 1540 637 1574 a
656 1525 907 1574 trecentis
926 1527 1273 1586 usa-iusque
1295 1529 1398 1576 duo
1421 1528 1590 1576 millia
1611 1532 1810 1576 sumtus
1831 1541 1956 1575 coe-

341 1604 520 1638 narum
560 1597 873 1654 propagatus
912 1598 1021 1653 est3
1058 1599 1120 1642 ut
1149 1596 1231 1643 his
1271 1598 1458 1643 saltem
1485 1597 1671 1644 fluibus
1700 1595 1955 1644 luxuriae

343 1660 733 1709 effervescentis
753 1663 927 1709 aestus
950 1666 1294 1711 coerceretur.

826 1744 1197 1797 CAPUT
1269 1744 1465 1797 XXV.

396 1834 401 1838 ·
476 1811 595 1863 Quid
614 1810 824 1855 Graeci&
828 1815 927 1855 vato
907 1830 969 1865 ογι
967 1822 1030 1857 ’να
1031 1812 1177 1872 ,quid
1193 1818 1360 1857 contra
1379 1808 1406 1853 ἆ
1411 1812 1572 1861 νίωμαλ
1553 1829 1623 1855 ιαν
1643 1818 1824 1857 vocent.

410 1883 454 1928 l.
498 1885 555 1930 ln
584 1885 625 1929 L
628 1882 771 1929 atino
799 1897 1053 1945 sermone,
1084 1884 1217 1932 sicut
1235 1884 1289 1931 in
1313 1886 1528 1944 Graeco,
1557 1882 1653 1931 alii
1673 1876 1956 1963 ἀναλογίαν

340 1951 652 2009 sequendam
693 1954 1006 2010 putaverunt
1022 1983 1036 2011 ,
1096 1952 1185 1997 alii
1216 1945 1528 2014 ἀνωμαλίαν.
1600 1954 1647 1997 2.
1677 1945 1952 2012 Ἀναλογία

338 2022 416 2063 est
454 2018 703 2065 similium
740 2018 930 2066 similis
970 2018 1282 2076 declinatio,
1330 2034 1481 2077 quam
1519 2018 1724 2077 quidam
1764 2018 1953 2064 Latine

336 2086 728 2145 proportionem
766 2089 967 2133 vocant.
1060 2088 1108 2133 3.
1152 2080 1440 2147 ,Ἀνωμαλία
1483 2090 1562 2133 est
1601 2085 1951 2142 inaequalitas

336 2154 744 2200 declinationum
790 2152 1223 2200 consuetudinem
1273 2167 1516 2212 sequens.
1599 2156 1647 2199 4.
1697 2155 1812 2200 Duo
1854 2165 1952 2197 au-

332 2222 434 2265 tem
478 2221 666 2267 Graeci
704 2220 1025 2295 grammatici
1056 2220 1318 2277 illustres,
1364 2220 1700 2268 Aristarchus
1741 2223 1794 2265 et
1825 2220 1953 2265 Cra-

333 2290 435 2343 tes,
468 2300 661 2333 summa
682 2300 805 2346 ope,
834 2287 932 2335 ille
958 2275 1256 2349 ἀναλογίαν,
1283 2288 1368 2335 hic
1395 2282 1691 2349 ἀνωμαλίαν
1713 2286 1950 2333 defensi·

334 2356 422 2397 tav
424 2318 483 2397 ’it.
528 2357 575 2399 5.
598 2356 668 2398 Μ.
682 2354 934 2401 Varronis
958 2355 1096 2403 liber
1115 2355 1177 2402 ad
1201 2356 1504 2403 Ciceronem
1527 2355 1587 2401 de
1609 2354 1790 2413 lingua
1800 2353 1948 2398 Lati-

333 2433 398 2465 na
427 2423 642 2467 octavus
671 2422 867 2467 nullam
898 2436 1015 2468 esse
1046 2423 1458 2469 observationem
1490 2422 1742 2467 similium
1771 2421 1947 2475 docet·,

334 2486 487 2541 inque
530 2487 768 2534 omnibus
808 2502 969 2545 paene
1011 2490 1184 2536 verbis
1225 2486 1656 2537 consuetudinem
1689 2487 1946 2534 dominari

339 2553 583 2598 ostendit.
658 2556 703 2597 6.
744 2554 913 2600 Sicuti
932 2568 1043 2601 cum
1065 2557 1299 2615 dicimus,
1333 2557 1521 2615 inquit,
1551 2557 1742 2615 lupus
1771 2557 1941 2615 lupi,

334 2620 579 2674 probus
612 2620 834 2679 probi,
867 2628 922 2667 et
950 2622 1136 2679 lepus
1160 2626 1444 2681 leporis:
1481 2626 1602 2669 item
1633 2636 1802 2681 paro
1828 2636 1946 2679 pa·

340 2687 523 2737 ravi,
573 2685 725 2729 lavo
756 2686 1156 2747 lav2’‚pnngo
1195 2692 1479 2749 pupugi,
1521 2691 1722 2736 tundo
1769 2696 1944 2735 tutu-

342 2749 435 2801 di,
490 2756 543 2792 et
573 2752 773 2808 pingo
816 2755 1041 2813 pina-⁸⁸5
1100 2768 1334 2817 cumque,
1373 2756 1558 2818 inquit,
1585 2772 1618 2803 a
1657 2770 1857 2803 coeno
1896 2762 1946 2801 ee
