2134 3091
575 272 733 318 LIB.
804 270 963 320 x111.
1036 272 1332 319 (ulnas.
1662 269 1763 319 3⁰9

158 394 307 451 capta
328 393 474 437 sunt:
512 390 789 434 manubiae
828 401 952 435 vero
992 388 1286 447 appellatae
1330 392 1447 435 sunt
1481 390 1697 446 pecunia
1733 404 1764 436 a

158 464 435 519 quaestore
462 470 531 502 ex
553 455 855 501 venditione
885 455 1109 513 praedae
1137 456 1363 502 redacta.
1436 458 1516 500 27.
1557 459 1765 502 Utrum-

160 540 257 583 que
287 537 410 583 ergo
445 521 584 569 dixit
608 524 679 567 M.
702 521 933 579 Tullius,
974 522 1310 570 cumulandae
1330 522 1562 569 invidiae
1583 524 1766 580 gratia,

164 590 482 638 decemviros
504 589 784 643 ablaturos,
807 592 1270 648 persecuturosque
1289 593 1341 636 et
1361 589 1618 648 praedam,
1640 602 1769 647 quae

164 658 391 705 noudum
425 660 564 702 esset
594 655 908 710 venundata,
947 659 999 702 et
1018 656 1306 713 pecuniam,
1348 671 1477 714 quae
1496 671 1562 703 ex
1589 656 1770 701 vendi-

162 726 307 772 tione
345 724 566 782 praedae
606 726 847 781 percepta
882 725 1034 769 esset.
1108 727 1190 771 28.
1228 726 1404 781 ltaque
1431 725 1556 771 haec
1587 722 1772 769 inscri-

164 792 305 851 ptio,
344 804 493 849 quam
519 789 735 836 videtis:
772 789 881 835 Ex
913 790 1084 835 MAN
1104 792 1340 849 unns,
1389 806 1494 838 non
1527 805 1612 837 res
1645 803 1767 837 cor-

164 872 389 917 poraque
422 859 535 916 ipsa
567 858 791 915 praedae
821 856 1169 917 demonstrat3
1209 854 1371 919 (nihil
1402 858 1540 905 enim
1568 861 1769 915 captum

162 931 240 973 est
268 927 449 972 borum
477 938 507 970 a
533 924 761 970 Traiano
794 937 858 969 ex
889 920 1195 987 hostibus3)
1235 924 1328 970 sed
1350 926 1487 971 facta
1508 939 1622 971 esse
1643 925 1771 971 haec

166 998 559 1051 comparataque
580 1004 647 1036 ex
666 989 945 1049 manubiis,
976 990 1028 1035 id
1050 993 1146 1049 est,
1181 1004 1248 1037 ex
1268 991 1488 1048 pecunia
1508 991 1770 1049 praedati-

165 1059 261 1117 cia,
288 1059 535 1105 declarat.
607 1058 690 1101 29.
719 1057 999 1103 Manubiae
1018 1056 1157 1103 enim
1177 1060 1318 1112 sunt,
1340 1057 1494 1103 sicuti
1514 1059 1614 1103 iam
1637 1057 1769 1113 dixi,

162 1139 269 1171 non
288 1123 507 1183 praeda,
541 1122 632 1168 sed
654 1122 873 1179 pecunia
893 1137 984 1180 per
1005 1127 1334 1181 quaestorem
1354 1124 1536 1182 populi
1556 1124 1772 1169 Romani

166 1205 235 1239 ex
255 1192 444 1251 praeda
466 1188 677 1235 vendita
698 1192 977 1235 contracta.
1049 1191 1132 1236 3⁰.
1165 1190 1316 1243 Quod
1337 1204 1428 1247 per
1447 1193 1776 1247 quaestorem

164 1261 336 1305 autem
358 1256 487 1313 dixi,
510 1254 894 1312 intelligimine
914 1259 1122 1313 oportet
1141 1258 1458 1315 praefectum
1479 1257 1680 1303 aerario
1703 1258 1775 1303 si·-

166 1324 420 1384 gnificari.
492 1324 625 1369 Nam
652 1334 775 1367 cura
808 1322 995 1369 aerarii
1028 1336 1059 1368 a
1093 1324 1452 1381 quaestoribus
1485 1324 1548 1369 ad
1569 1328 1776 1381 praefe-

165 1396 280 1439 ctos
301 1390 553 1437 translata
574 1392 673 1434 est.
745 1392 825 1435 31.
862 1390 959 1435 Est
987 1393 1158 1437 tamen
1187 1403 1543 1447 nonnusquam
1567 1390 1774 1437 inveni·-

164 1473 249 1516 re,
286 1458 361 1504 ita
395 1456 668 1515 scripsisse
698 1457 943 1513 quosdam
964 1470 1070 1503 non
1091 1457 1350 1516 ignobiles
1371 1458 1680 1518 scriptores,
1719 1460 1777 1505 ut

166 1529 255 1574 aut
276 1530 465 1572 temere
488 1526 577 1570 aut
600 1523 861 1571 incuriose
872 1525 1136 1584 praedam
1162 1540 1257 1585 pro
1283 1528 1554 1586 manubiis,
1589 1528 1641 1572 et
1660 1540 1774 1574 ma-

167 1595 356 1641 nubias
388 1607 481 1652 pro
505 1596 718 1651 praeda
747 1592 1043 1651 posue1·int;
1083 1599 1173 1640 aut
1193 1593 1394 1652 tropica
1414 1597 1628 1653 quadam
1648 1595 1774 1653 figu-

164 1676 224 1709 ra
250 1660 587 1707 mutationem
619 1659 859 1707 vocabuli
899 1661 1142 1719 fecerint3
1182 1661 1320 1719 quod
1354 1663 1524 1708 facere
1561 1675 1775 1710 conces-

166 1743 277 1775 sum
307 1732 386 1775 est
413 1727 541 1773 scite
570 1726 622 1771 id
654 1727 920 1785 periteque
950 1728 1282 1776 facientibus.
1353 1732 1435 1776 32.
1484 1731 1585 1776 Sed
1616 1729 1772 1786 enim,

165 1796 253 1853 qui
279 1795 488 1854 proprie
510 1798 661 1850 atque
682 1795 883 1853 signate
902 1795 1067 1842 locuti
1093 1800 1238 1858 sunt,
1277 1795 1432 1844 sicuti
1457 1797 1556 1844 hoc
1577 1797 1630 1842 in
1651 1798 1772 1843 loco

162 1865 237 1908 M.
260 1863 485 1916 Tullius,
506 1863 779 1908 manubias
796 1863 1064 1920 pecuniam
1085 1863 1348 1912 dixerunt.

648 1992 1017 2044 CAPUT
1087 1992 1290 2044 XXV.

230 2076 377 2120 Verba
403 2075 457 2119 P.
478 2074 681 2129 Nigidii,
716 2075 873 2132 quibus
903 2074 1038 2125 dicit,
1078 2075 1328 2118 innomine
1362 2075 1563 2119 Valeri
1587 2075 1639 2118 in
1668 2090 1778 2119 cam

281 2131 484 2175 vocandi
502 2131 707 2195 primam
734 2131 965 2187 syllabam
986 2135 1236 2173 amendam
1255 2145 1366 2174 esse:
1407 2139 1454 2174 et
1471 2131 1582 2174 item
1600 2131 1699 2175 alia
1718 2145 1778 2176 ex

280 2188 470 2230 eiusdem
487 2185 633 2230 verbis
651 2189 716 2228 ad
730 2192 904 2227 rectam
921 2185 1200 2240 scripturam
1214 2185 1470 2240 pertinmtz
1468 2201 1510 2228 a.

240 2267 285 2312 l.
325 2265 382 2310 P.
402 2263 602 2322 Nigidii
633 2264 790 2308 verba
818 2264 937 2306 sunt
964 2275 1031 2308 ex
1066 2263 1562 2310 Commentariorum
1596 2263 1774 2309 Gram-

168 2333 477 2380 maticorum
507 2329 752 2374 vicesimo
781 2331 987 2386 quarto,
1027 2328 1294 2374 hominis
1282 2343 1334 2373 in
1362 2328 1653 2386 disciplinis
1683 2330 1776 2376 do-

172 2399 451 2446 ctrinarum
474 2395 699 2442 omnium
724 2395 1114 2452 praecellentis:
1153 2396 1372 2453 Deinde,
1404 2396 1590 2453 inquit,
1621 2411 1775 2443 vocu-

173 2469 307 2514 latio
340 2467 429 2526 qm·
444 2466 643 2523 poterit
676 2465 914 2516 servari,
958 2466 1005 2509 ει·
1027 2477 1128 2508 non
1155 2467 1367 2510 scientae
1395 2465 1448 2508 n‘n
1468 2465 1774 2522 unanimibus,

176 2542 232 2581 ul
277 2532 525 2585 Valeri,
564 2537 743 2578 utrum
757 2533 924 2575 2⁹·nter2
928 2530 1122 2589 ogands'
1141 2545 1210 2576 an
1233 2531 1452 2576 vocandi
1468 2534 1599 2577 sint.
1591 2527 1613 2562 ⁹
1646 2531 1782 2576 Nam

180 2599 545 2658 interrogandi
572 2597 794 2644 secunda
826 2598 1037 2655 syllaba
1072 2599 1344 2656 superiore
1373 2605 1493 2644 tono
1523 2602 1606 2643 est
1631 2611 1790 2657 quam

172 2670 382 2729 prima,
423 2667 598 2711 demde
626 2666 903 2710 novi‘ssmea
934 2665 1200 2710 deiicistur
1247 2672 1306 2710 at
1327 2681 1388 2712 m.
1407 2680 1536 2713 casu
1566 2665 1789 2711 voe-ands

180 2749 369 2782 summo
412 2741 527 2780 tono
566 2738 644 2777 est
678 2734 892 2790 pae·‘‚·2ma
932 2732 1109 2777 demde
1142 2733 1410 2792 gradatim
1453 2732 1782 2779 descendunt.

180 2803 227 2848 2.
266 2801 352 2850 Sic
382 2801 585 2860 quidem
612 2799 667 2846 Ρ.
700 2798 943 2859 Nigidius
972 2799 1078 2846 dici
1107 2800 1377 2860 praecipit.
1450 2801 1548 2847 Sed
1585 2799 1628 2848 si
1671 2799 1784 2857 quis
