2134 3091
316 210 417 259 312
816 212 1024 262 Auta!
1095 214 1410 260 GELLH

315 335 482 391 eptum
504 329 603 378 tibi
624 328 791 377 videri
812 334 865 377 et
887 330 1162 388 frigidum?
1217 331 1309 378 Nil
1331 332 1500 377 autem
1519 329 1772 377 arbitrare
1795 342 1926 375 cau-

314 412 402 445 sae
437 399 629 452 fuisse,
660 398 796 453 quod
821 397 905 456 vir
932 398 1198 444 modestus
1227 401 1278 443 et
1299 398 1414 455 puri
1435 400 1588 455 atque
1609 410 1769 455 prope
1790 409 1923 454 quo-

312 464 502 511 tidiani
521 464 795 524 sermonis,
817 466 1126 511 mortalibus
1145 464 1343 517 maluit,
1365 478 1513 520 quam
1530 464 1814 510 hominibus
1837 462 1922 507 ‹li-

316 533 463 578 cere‘!
482 531 815 588 Eandemque
834 530 1004 576 eredis
1026 533 1251 577 futuram
1273 529 1432 577 fuisse
1447 529 1800 577 multitudinis
1821 530 1926 574 de·-

312 598 763 652 monstratiouem,
804 596 848 643 si
878 611 990 643 eum
1024 599 1198 645 multis
1225 597 1537 658 hominibus,
1575 610 1636 643 ae
1666 611 1770 643 non
1799 608 1916 642 eum

311 667 484 711 multis
502 666 806 709 mortalibus
827 663 1054 711 diceret?
1126 666 1174 711 3.
1214 664 1326 722 Ego
1348 665 1579 721 quidem,
1608 664 1806 720 inquit,
1835 662 1914 708 sic

311 731 576 789 existimo,
598 730 723 787 (nisi
742 730 789 775 si
808 744 889 776 me
910 731 1180 789 scriptoris
1201 730 1356 776 istius
1377 731 1644 788 omnisque
1666 731 1912 787 autiquae

312 796 569 843 orationis
588 810 735 843 amor
753 799 905 854 atque
926 797 1192 843 veneratio
1213 810 1366 843 caeco
1387 811 1504 844 esse
1523 797 1722 843 iudicio
1741 792 1914 851 faeit‚)

310 865 466 922 longe
490 864 696 920 lateque
716 876 829 909 esse
853 864 1093 922 amplius,
1117 862 1398 922 prolixius,
1421 864 1604 921 fusius,
1633 864 1687 909 in
1704 861 1906 921 signifi-

310 931 474 977 canda
494 930 658 976 totius
680 943 841 989 prope
864 931 1093 977 civitatis
1111 930 1462 987 multitudine,
1483 932 1731 977 mortales
1749 941 1901 986 quam

306 997 533 1044 homines
566 996 783 1043 dixisse.
853 999 902 1043 4.
950 1000 1180 1055 Namque
1209 997 1490 1043 multorum
1527 997 1782 1043 hominum
1809 1008 1902 1051 ap·-

307 1065 527 1123 pellatio
556 1064 693 1110 intra
718 1063 972 1110 modicum
994 1078 1197 1122 quoque
1218 1077 1486 1110 numerum
1507 1062 1732 1110 cohiberi
1752 1064 1906 1120 atque

306 1132 505 1178 includi
526 1133 723 1190 potest3
761 1133 911 1177 mults·
927 1136 1098 1177 autem
1117 1132 1384 1188 mortales,
1415 1132 1593 1178 nescio
1615 1144 1714 1189 quo
1735 1133 1905 1187 pacto,

307 1203 358 1245 et
377 1200 597 1257 quodam
616 1211 771 1244 sensu
792 1198 1146 1256 inenarrabili,
1178 1210 1329 1243 omne
1351 1199 1462 1245 fere
1480 1195 1668 1257 genus,⁴
1691 1194 1827 1254 quod
1850 1194 1903 1239 in

310 1266 519 1312 civitate
540 1268 648 1322 est,
682 1268 734 1310 et
754 1266 1007 1323 ordinum,
1038 1268 1092 1312 et
1111 1268 1358 1322 aetatum,
1391 1267 1444 1311 et
1463 1278 1637 1324 sexus,
1669 1274 1906 1320 compre-

310 1334 553 1378 hendunt.
623 1331 777 1385 Quod
808 1332 1010 1377 scilicet
1034 1331 1441 1390 Quadrigarius,
1481 1331 1554 1378 ita
1581 1333 1640 1376 ut
1667 1344 1753 1377 res
1775 1330 1904 1383 erat,

306 1399 566 1457 ingentem
597 1402 749 1455 atque
779 1398 1086 1455 promiscam
1118 1398 1498 1444 multitudinem
1525 1398 1708 1443 volens
1729 1398 1905 1442 osteu-

308 1465 447 1523 dere‚
469 1479 579 1512 cum
598 1464 775 1510 multis
794 1464 1102 1511 mortalibus
1121 1464 1392 1511 Metellum
1411 1465 1464 1511 in
1487 1463 1798 1522 Capitolium
1820 1474 1906 1506 ve-

307 1532 449 1580 nisse
470 1532 607 1579 dixit
620 1565 633 1591 ‚
665 1524 1100 1594 ἐμφατικώτερον,
1131 1547 1280 1589 quam
1300 1532 1345 1577 si
1365 1547 1474 1579 eum
1495 1532 1664 1578 inultis
1683 1530 1904 1576 laomim·-

307 1602 399 1646 Ims
420 1600 663 1645 dixisset.
734 1601 784 1644 5.
818 1597 897 1643 Ea
915 1611 1012 1644 nos
1032 1599 1223 1652 omnia,
1243 1612 1374 1656 quae
1396 1600 1592 1646 Fronto
1615 1598 1769 1656 dixit,
1794 1610 1903 1643 cum

306 1667 398 1724 ita,
418 1669 475 1712 ut
494 1679 586 1723 par
606 1667 733 1722 erat,
754 1677 861 1710 non
880 1667 1225 1722 approbantes
1247 1669 1460 1722 tantum,
1483 1667 1570 1712 sed
1591 1664 1904 1710 admirantes

307 1746 511 1792 quoque
532 1731 851 1778 audiremus:
892 1731 1078 1776 Videte
1101 1739 1287 1788 tamen,
1325 1732 1508 1792 inquit,
1549 1746 1613 1778 ne
1634 1731 1906 1777 existime-

306 1801 392 1861 tis,
413 1811 616 1858 semper
635 1801 787 1856 atque
806 1797 861 1843 in
883 1798 1024 1844 omni
1043 1800 1164 1845 loco
1187 1806 1437 1846 mortales
1454 1801 1640 1846 mullos
1659 1811 1754 1855 pro
1774 1797 1905 1842 mul-

308 1871 373 1915 tin
393 1867 678 1913 hominibus
708 1876 821 1912 esse
852 1864 1147 1922 dicendum3
1186 1880 1252 1912 ne
1283 1867 1436 1923 plane
1459 1867 1546 1913 flat
1569 1867 1818 1911 Graecum
1838 1864 1906 1910 il-

306 1935 394 1981 lud
417 1932 737 1980 deVarronis
758 1934 937 1991 satyra
954 1932 1286 1990 proverbium
1306 1930 1366 1978 τὸ
1392 1931 1470 1978 ἐπὶ
1491 1933 1553 1996 τῇ
1575 1925 1906 1994 φακῇμίιρον.

306 2003 354 2046 6.
392 2003 503 2048 Hoc
523 2000 771 2046 iudicium
790 1999 1098 2054 Frontonis,
1139 1999 1295 2046 etiam
1315 1999 1370 2044 in
1395 2001 1568 2057 parvis
1587 1997 1906 2054 minutisque

304 2069 599 2126 vocabulis,
639 2079 745 2112 nou
773 2066 1287 2124 praetermittendum
1317 2067 1521 2124 putavi,
1559 2079 1626 2111 ne
1647 2078 1742 2110 nos
1766 2067 1903 2110 forte

307 2136 511 2193 fugeret
539 2135 825 2191 lateretque
846 2133 1092 2180 subtilior
1113 2131 1467 2181 huiuscemodi
1487 2135 1759 2180 verborum
1782 2144 1906 2176 con-

305 2201 571 2248 sideratio.

762 2319 1138 2370 CAPUT
1211 2319 1438 2372 XXIX.

488 2384 595 2428 Non
622 2385 837 2428 hactenus
865 2401 951 2430 esse
968 2386 1217 2444 faciem,
1249 2403 1338 2444 qua
1366 2389 1504 2444 vulgo
1537 2385 1717 2430 dicim.

374 2463 421 2508 1.
460 2461 887 2509 Animadvertere
918 2467 1011 2524 est,
1040 2465 1285 2522 pleraque
1308 2467 1579 2512 verborum
1600 2461 1909 2508 Latinorum

308 2541 375 2574 ex
395 2542 456 2574 ea
477 2528 876 2586 significatione,
914 2529 967 2575 in
988 2544 1089 2587 qua
1109 2535 1231 2576 nata
1253 2533 1400 2586 sunt,
1439 2529 1725 2576 decessisse
1748 2529 1833 2575 vel
1852 2528 1908 2574 in

307 2593 464 2639 aliam
482 2595 665 2654 longe,
698 2596 777 2640 vel
800 2596 853 2641 in
875 2597 1182 2653 proximam,
1220 2610 1430 2655 eamque
1453 2595 1806 2642 decessionem
1830 2597 1911 2641 fa-

307 2663 438 2704 ctam
474 2673 588 2705 essc
628 2661 1001 2709 consuetudine
1042 2668 1095 2709 et
1133 2662 1342 2709 inscitia
1384 2667 1575 2708 temere
1609 2661 1909 2717 dicentium,

310 2737 437 2779 quae
471 2725 694 2770 cuimodi
725 2727 855 2789 sint,
899 2741 1003 2774 non
1034 2727 1324 2774 didicerint.
1406 2731 1456 2775 2.
1505 2727 1674 2774 Sicuti
1704 2727 1910 2785 quidam
