2134 3091
416 216 517 270 390
916 219 1132 267 Au‘m
1201 222 1520 269 GELLH
1804 243 1832 269 0

410 342 544 386 adeo
575 337 729 385 Probi
758 337 1075 397 grammatici
1105 339 1502 386 commentarius
1535 337 1663 386 satis
1690 337 1895 386 curiose
1937 342 2010 387 ss·

408 411 521 453 ctus
554 407 629 451 De
657 406 864 451 occulta
891 405 1156 451 literarum
1186 406 1564 463 significatione
1594 406 1930 464 epistolarum
1958 409 2008 451 C.

409 474 643 519 Caesaris
672 472 992 529 scriptarum.
1064 474 1116 515 6.
1161 472 1561 519 Lacedaemonii
1593 481 1760 521 autem
1792 479 2004 535 veteres,

407 556 519 587 cum
546 537 879 587 dissimulare
904 540 957 586 et
984 538 1249 589 occultare
1269 539 1452 585 literas
1473 540 1678 597 publice
1703 541 1770 587 ad
1788 540 2003 598 impera-

404 616 547 653 tores
568 619 691 651 suos
711 604 895 650 missas
916 603 1186 663 volebant,
1223 619 1288 651 ne
1305 640 1320 666 ,
1356 606 1404 651 si
1421 608 1486 653 ab
1506 606 1742 653 hostibus
1762 612 2004 665 exceptae

406 676 605 731 forent,
644 671 867 717 consilia
887 682 979 717 sua
1000 674 1366 731 noscerentur,
1401 672 1650 731 epistolas
1670 674 1720 721 id
1743 687 1908 731 genus
1933 675 2004 720 fa-

405 743 515 785 ctas
532 740 823 783 mittebant.
880 738 927 781 7.
958 738 1166 785 Surculi
1191 740 1292 785 duo
1313 744 1460 786 erant
1481 743 1692 801 teretes,
1713 740 2002 799 oblonguli.

401 805 515 865 pari
538 808 901 859 crassamento,
940 804 1270 861 eiusdemque
1291 806 1662 867 longitudinis,
1705 806 1897 861 derasi,
1931 813 2001 853 at-

402 886 499 929 que
530 871 704 918 ornati
740 870 1108 929 consimiliter3
1163 876 1213 917 8.
1253 886 1384 919 unus
1416 873 1716 933 imperatori
1737 873 1792 919 in
1811 874 2004 921 bellum

399 938 751 998 proficiscenti
769 938 999 993 dabatur,
1014 938 1236 987 alterum
1255 938 1392 985 domi
1412 941 1739 999 magistratus
1760 955 1870 987 cum
1890 942 2004 987 iure

402 1010 553 1063 atque
574 1020 691 1053 cum
710 1006 859 1064 signo
890 1005 1160 1051 habebant.
1232 1008 1278 1051 9.
1317 1008 1538 1059 Quando
1559 1020 1682 1055 usus
1705 1012 1920 1055 venerat
1941 1008 2004 1053 li-

400 1078 627 1119 terarum
648 1072 999 1133 secretiorum,
1024 1074 1212 1117 circum
1238 1086 1353 1119 eum
1373 1074 1632 1121 surculum
1651 1074 1822 1121 lorum
1835 1071 2006 1121 {nodi-

404 1153 495 1187 cae
522 1140 822 1197 tenuitatis,
860 1140 1072 1197 longum
1105 1142 1300 1197 autem,
1339 1145 1581 1199 qnantum
1605 1140 1684 1187 rei
1715 1140 1841 1188 satis
1879 1146 2004 1195 erat,

404 1209 797 1266 complicabant‚
812 1206 1078 1253 volumine
1095 1206 1321 1253 rotundo
1344 1211 1398 1255 et
1412 1208 1665 1267 simplici,
1689 1208 1763 1267 ita
1784 1208 1860 1255 uti
1881 1220 2002 1254 orae
2087 1232 2090 1243 »

404 1275 677 1321 adiunctae
695 1274 921 1331 undique
942 1277 995 1319 et
1012 1273 1350 1321 cohaerentes
1371 1275 1499 1334 lori,
1533 1276 1668 1333 quod
1695 1274 2001 1333 plicabatur,

402 1342 625 1388 coirent.
700 1344 777 1387 1⁰.
812 1340 1017 1387 Literas
1044 1340 1232 1387 deinde
1263 1340 1317 1386 in
1345 1356 1406 1387 eo
1429 1341 1550 1389 loro
1569 1356 1662 1399 per
1679 1345 2002 1389 transversas

402 1408 754 1455 iuncturarum
790 1419 927 1465 oras,
966 1406 1201 1453 versibus
1237 1421 1267 1453 a
1295 1421 1486 1455 summo
1515 1408 1578 1455 ad
1609 1408 1764 1455 imum
1800 1409 2002 1467 profici-

403 1476 683 1533 scentibus,
702 1474 1081 1519 inscribebant:
1131 1475 1212 1520 ll.
1235 1474 1286 1520 id
1308 1475 1473 1521 lorum
1493 1476 1662 1521 literis
1684 1476 1758 1521 ita
1777 1475 2002 1533 perscri-
2031 1508 2034 1511 .

400 1542 504 1600 ptis
532 1542 827 1588 revolutum
856 1553 924 1586 ex
953 1542 1164 1587 surculo
1193 1541 1518 1602 imperatori,
1561 1541 1831 1590 commenti
1853 1542 2001 1589 illius

400 1609 637 1665 consola,
682 1608 983 1654 mittebant:
1059 1610 1136 1652 12.
1173 1609 1427 1657 resolutio
1465 1612 1639 1656 antem
1677 1610 1780 1656 lori
1821 1610 2000 1656 literas

397 1678 609 1720 truncas
644 1677 795 1732 atque
826 1674 1035 1720 mutilas
1065 1675 1334 1734 reddebat3
1370 1679 1692 1736 membraque
1733 1689 1915 1722 carum
1953 1681 2001 1722 et

399 1741 572 1799 apices
601 1743 657 1786 in
678 1743 847 1798 partes
870 1739 1247 1786 diversissimas
1271 1745 1557 1801 spargebat.
1629 1746 1706 1790 13.
1750 1744 2001 1802 Propter-

397 1823 459 1856 ea
480 1809 525 1855 si
546 1809 599 1854 id
622 1809 793 1854 lorum
822 1807 875 1853 in
905 1819 1086 1855 manus
1115 1809 1344 1857 hostium
1376 1809 1656 1864 inciderat,
1694 1810 1828 1855 nihil
1851 1810 1997 1868 quid-

396 1890 547 1934 quam
568 1875 851 1922 coniectari
872 1888 935 1920 ex
960 1888 1021 1920 eo
1052 1875 1245 1933 scripto
1268 1876 1460 1933 quibat.
1533 1879 1612 1921 14.
1653 1877 1760 1923 Sed
1773 1877 1864 1922 nbi
1887 1877 1994 1932 ille,

393 1943 458 1989 ad
480 1957 628 2000 quem
650 1943 762 1988 erat
779 1942 1007 2001 missum,
1030 1946 1318 2000 acceperat,
1338 1943 1548 1989 surc'ulo
1571 1942 1814 2002 compari,
1849 1957 1995 2000 quem

390 2009 626 2067 habebat,
650 2011 818 2067 capto,
852 2009 914 2054 ad
936 2010 1102 2066 finem,
1141 2010 1355 2067 perinde
1376 2013 1434 2056 ut
1452 2011 1634 2058 debere
1654 2010 1762 2056 fieri
1783 2010 1998 2067 sciebat,

392 2076 839 2136 circumplicabat:
876 2078 1029 2132 atque
1060 2075 1136 2120 ita
1167 2076 1361 2124 literae
1387 2091 1478 2136 per
1503 2079 1749 2126 ambitum
1781 2077 1998 2124 eundem

392 2143 592 2190 surculi
617 2143 969 2189 coalescentes
988 2155 1190 2188 rursum
1215 2143 1444 2201 coibant3
1474 2143 1826 2206 integramque
1848 2146 1904 2190 et
1920 2145 1998 2189 in·

393 2213 690 2268 corruptam
719 2210 991 2268 epistolam
1022 2214 1074 2254 et
1111 2209 1316 2256 facilem
1351 2209 1456 2269 legi
1494 2213 1840 2268 praestabant.
1923 2213 1996 2256 15.

394 2278 508 2323 Hoc
528 2289 691 2334 genus
706 2277 958 2334 epistolae
968 2276 1361 2323 Lacedaemonii
1379 2272 1630 2334 σκυτάλην
1647 2277 1996 2336 appellabant.

396 2345 477 2390 16.
512 2344 825 2402 Legebamus
846 2343 896 2388 id
917 2356 1117 2400 quoque
1137 2343 1193 2388 in
1213 2346 1387 2390 vetere
1407 2343 1626 2400 historia
1645 2357 1818 2390 rerum
1835 2345 1999 2391 Puni-

393 2423 596 2467 carum,
633 2411 798 2457 virum
838 2409 1063 2456 indidem
1103 2410 1389 2468 quempiam
1425 2411 1683 2457 illustrem
1723 2407 1868 2473 (sive
1903 2412 1996 2456 ille

392 2475 711 2536 Hasdrubal,
748 2478 859 2524 sive
880 2477 995 2534 quis
1024 2476 1164 2522 alius
1185 2479 1290 2535 est,
1325 2491 1430 2524 non
1450 2473 1688 2540 retineo)
1717 2479 1996 2538 epistolam

393 2543 637 2599 scriptam
675 2556 829 2600 saper
867 2545 1020 2590 rebus
1057 2543 1261 2590 arcanis
1301 2544 1398 2592 boc
1433 2544 1586 2591 modo
1621 2546 1996 2592 abscondisse:

397 2609 471 2650 17.
496 2610 777 2666 pugillaria
795 2623 947 2666 nova,
966 2611 1188 2656 nondum
1213 2609 1364 2656 etiam
1387 2624 1505 2658 cera
1524 2611 1680 2672 illita,
1703 2613 1998 2670 accepisse3

390 2672 573 2716 literas
602 2675 656 2720 in
687 2675 883 2732 lignum
911 2676 1182 2733 incidisse3
1217 2680 1396 2733 postea
1417 2677 1644 2734 tabulas,
1683 2679 1763 2726 uti
1783 2680 1999 2725 solitum

394 2740 495 2793 cst,
536 2753 652 2788 cera
674 2741 972 2787 collevisse:
1014 2755 1200 2800 easque
1233 2738 1444 2790 tabulas‘
1464 2747 1701 2802 tanquam
1731 2759 1837 2792 non
1867 2745 1999 2794 scri-
