2134 3091
300 205 367 256 6⁰
799 206 1009 253 AULI
1083 206 1401 252 GELLlI

778 322 898 373 CA
933 320 976 371 P
1015 321 1060 372 U
1099 321 1148 370 Τ
1219 320 1425 371 ΧΧΙΙ.

358 407 425 450 De
443 413 576 450 vento
596 405 791 465 Iapyge,
814 409 951 462 deque
969 403 1168 448 aliorum
1187 410 1429 447 ventorum
1447 405 1688 448 vocabulis
1707 403 1907 459 regioni-

408 463 575 520 busque
594 467 787 517 accepta
805 476 829 504 e
845 459 1076 505 Favorini
1088 460 1387 503 sermonibus.

370 541 414 584 l.
450 537 601 596 Apud
626 549 854 583 mensam
880 536 1131 584 Favorini
1164 535 1218 582 in
1246 535 1488 583 convivio
1519 535 1764 581 familiari
1788 533 1900 594 legi

299 605 511 651 solitum
534 607 648 650 erat
666 606 755 649 ant
774 605 923 650 vetus
943 617 1148 650 carmen
1165 603 1342 649 melici
1371 604 1583 662 poetae,
1626 605 1713 648 aut
1731 602 1897 647 histo-

296 671 377 717 ria
395 670 581 729 partim
604 673 833 716 Graecae
852 670 1063 729 linguae
1077 704 1091 729 ,
1130 669 1263 716 alias
1282 670 1514 716 Latinae.
1585 671 1632 715 2.
1667 669 1901 726 Legeba-

287 741 381 784 ·tur
401 750 524 796 ergo
546 739 665 782 tnnc
684 735 756 781 ibi
776 737 833 782 in
852 737 1076 783 carmine
1087 736 1274 783 Latino
1297 730 1448 788 tainus
1470 739 1672 792 ventus,
1692 734 1899 793 quaesi-

296 806 503 861 tumque
524 807 629 860 est,
661 802 773 859 quis
790 802 875 849 hic
896 807 1077 848 ventus
1091 838 1103 862 ,
1134 804 1189 848 et
1208 803 1390 860 quibus
1409 817 1474 850 ex
1500 801 1631 848 locis
1653 802 1893 860 spiraret,

297 873 351 916 et
394 882 525 926 qnae
563 872 667 914 tam
709 868 1050 928 insteqnentis
1092 870 1331 916 vocabuli
1367 869 1503 917 ratio
1540 871 1703 914 esset:
1739 872 1894 926 atque

294 936 450 982 etiam
478 937 802 995 petebamus,
841 937 896 981 ut
923 949 1080 995 super
1099 937 1388 982 ceterorum
1405 935 1699 982 nominibus
1719 934 1894 994 regio—

276 1003 545 1060 .nibusque
565 1001 678 1061 ipse
699 1015 795 1049 nos
816 1003 1000 1049 (locere
1020 1002 1202 1058 vellat,
1215 1002 1337 1059 qnia
1357 1003 1513 1062 vulgo
1537 1015 1698 1058 neque
1720 1001 1779 1047 de
1801 1014 1894 1058 ap-

292 1069 666 1129 pellationibus
687 1083 884 1125 eorum,
896 1083 1060 1128 neque
1075 1070 1136 1117 de
1147 1082 1360 1116 numero
1373 1067 1694 1115 conveniret.
1719 1069 1896 1114 &Tum

290 1136 584 1183 Favorinus
604 1136 680 1183 ita
701 1137 959 1182 fabulatus
979 1141 1083 1184 est:
1119 1135 1277 1195 Satis,
1297 1135 1480 1195 inquit,
1501 1137 1680 1182 notum
1701 1139 1796 1188 est,
1825 1133 1892 1179 li·

290 1203 441 1250 mites
472 1203 816 1263 regionesque
846 1217 959 1251 esse
990 1202 1126 1250 coeli
1148 1207 1414 1261 quattuorz
1449 1204 1713 1261 exortum,
1743 1213 1892 1247 occa-

292 1284 417 1327 sum,
446 1270 737 1329 meridiem,
768 1270 1203 1328 septemtrionem.
1272 1271 1320 1314 4.
1357 1268 1587 1316 Exortus
1607 1270 1658 1317 et
1677 1281 1890 1315 occasus

292 1336 512 1383 mobilia
537 1338 591 1382 et
617 1336 765 1383 varia
792 1340 941 1395 sunt3
976 1335 1224 1382 meridies
1243 1336 1736 1394 septemtrionemque
1756 1337 1892 1381 statu

294 1407 543 1462 perpetuo
564 1405 703 1448 stant
724 1405 776 1448 et
798 1406 1015 1449 manent.
1088 1407 1138 1449 δ.
1177 1402 1356 1448 Oritur
1375 1402 1511 1449 enim
1529 1402 1611 1450 sol
1629 1416 1736 1449 non
1755 1401 1892 1447 indi-

295 1470 409 1515 dem
439 1481 667 1526 scmper3
708 1467 799 1514 sed
819 1471 910 1514 aut
926 1469 1324 1527 aequinoctialis
1347 1469 1522 1516 oriens
1541 1469 1747 1529 dieitur,
1780 1481 1894 1515 cum

296 1537 351 1583 in
373 1535 570 1583 circulo
594 1535 782 1595 currit,
821 1535 911 1592 qui
939 1536 1233 1596 appellatur
1256 1529 1566 1595 [eoos-{muos-
1586 1532 1697 1600 aut]
1719 1535 1895 1597 ἰσημε-

296 1596 459 1667 ρινὸςς
499 1605 589 1648 aut
617 1601 945 1664 solstitialis,
979 1606 1064 1650 aut
1091 1605 1364 1660 brumalis,
1401 1618 1529 1663 qnae
1548 1609 1667 1651 sunt
1689 1598 1895 1661 θεριναὶ

294 1666 486 1731 τροπαὶ
510 1668 594 1713 καὶ
610 1668 907 1732 lupas-paral.
977 1672 1027 1717 6.
1063 1674 1192 1718 ltem
1215 1671 1354 1717 cadit
1375 1671 1459 1718 sol
1477 1684 1583 1719 non
1603 1671 1657 1717 in
1676 1670 1895 1717 eundem

297 1750 498 1793 semper
528 1736 717 1782 locum.
783 1735 872 1782 Fit
899 1738 1036 1784 enim
1063 1738 1306 1785 similiter
1335 1750 1548 1784 occasus
1568 1738 1680 1785 eins
1701 1741 1788 1785 aut
1809 1750 1895 1782 ae-

296 1802 651 1862 quinoctialis,
673 1805 763 1850 aut
780 1803 1102 1861 solstitialia,
1124 1808 1212 1851 aut
1231 1805 1493 1851 brumalis.
1563 1806 1613 1850 7.
1648 1804 1750 1859 Qui
1769 1817 1896 1850 ven-

296 1875 378 1915 tus
399 1868 557 1928 igitur
576 1871 638 1916 ab
661 1869 860 1917 oriente
878 1878 1072 1931 verno3
1101 1871 1159 1917 id
1191 1874 1296 1927 est,
1335 1871 1704 1930 aequinoctiali
1735 1870 1894 1926 venit,

296 1936 592 1983 nominatur
623 1936 819 1997 Eurus,
860 1938 977 1985 ficto
1008 1939 1296 1997 vocabulo,
1331 1942 1390 1984 ut
1417 1938 1502 1985 isti
1538 1934 1900 2000 ἐτυμολογικοί

296 2004 468 2062 aiunt,
498 1998 525 2047 ὃ
548 1997 648 2049 ἀπὸ
674 2002 766 2064 τῆς
794 2000 906 2056 ἱιόυς
927 2001 1071 2065 ῥέων.
1142 2008 1190 2051 8.
1229 2008 1278 2051 ls
1308 2005 1415 2051 alio
1447 2019 1649 2063 quoqne
1677 2020 1708 2052 a
1738 2006 1895 2051 Grae·
1931 2044 1938 2051 .

299 2071 375 2117 cis
397 2070 603 2118 nomine
632 2064 937 2132 ἀπηλιώτης,
961 2068 1039 2135 [a]
1060 2072 1304 2119 Romanis
1332 2072 1555 2119 nauticis
1577 2072 1896 2119 Subsolanus

298 2138 707 2196 cognominatur.
780 2142 827 2185 9.
864 2138 967 2186 Sed
996 2140 1084 2198 qui
1116 2141 1176 2187 ab
1207 2139 1406 2186 aestiva
1432 2144 1485 2186 et
1504 2139 1771 2187 solstitiali
1793 2137 1898 2184 ori-

298 2203 433 2251 entis
452 2208 589 2252 meta
607 2206 767 2263 venit,
798 2207 983 2253 Latine
1004 2208 1195 2266 Aquilo
1211 2241 1224 2264 ,
1253 2208 1443 2253 Boreas
1465 2208 1661 2255 Graece
1681 2206 1893 2261 dicitur3
1949 2236 1960 2250 .

297 2284 512 2329 eumque
532 2278 805 2331 propterea
832 2273 1038 2332 qnidam
1058 2274 1234 2321 dicunt
1253 2274 1314 2320 ab
1337 2276 1564 2320 Homero
1591 2270 1895 2352 αἶθρηγενέ-

294 2352 391 2396 την
418 2339 762 2396 appellatum:
807 2341 1022 2387 Boream
1053 2345 1223 2388 autem
1251 2343 1437 2399 putant
1462 2340 1650 2387 dictum
1680 2336 1780 2385 απὸ
1809 2336 1898 2397 τῆς

295 2402 438 2465 βοῆς,
459 2406 698 2463 quoniam
719 2406 788 2452 sit
808 2407 1029 2454 violenti
1053 2408 1204 2455 flatus
1227 2410 1279 2453 et
1297 2408 1496 2455 sonori.
1569 2408 1650 2453 lo.
1690 2404 1895 2453 Tertius

299 2474 508 2529 ventus,
544 2473 629 2529 qui
662 2474 723 2519 ab
755 2473 947 2519 orienti
978 2473 1199 2521 hiberno
1230 2474 1417 2532 spirat,
1454 2474 1766 2521 Vulturnum
1796 2472 1895 2517 Ro-

297 2538 435 2581 mani
460 2542 670 2584 vocant:
710 2553 824 2585 eum
857 2540 1092 2598 plerique
1117 2541 1299 2586 Graeci
1318 2541 1486 2587 mixto
1507 2540 1734 2598 nominc,
1764 2537 1898 2597 quod

301 2600 437 2646 inter
457 2604 645 2649 Notum
666 2607 718 2649 et
739 2606 928 2651 Eurum
952 2606 1039 2665 sit,
1070 2600 1342 2668 εὗρὸνοτον
1363 2608 1643 2664 appellant.
1716 2609 1795 2653 11.
1831 2602 1896 2650 Hi

301 2669 423 2711 sunt
443 2667 600 2724 igitur
617 2674 723 2715 tres
743 2671 885 2716 venti
908 2671 1220 2718 orientales:
1245 2672 1452 2729 Aquilo,
1470 2674 1772 2729 Vulturnus,
1793 2672 1898 2717 Eu-

304 2744 418 2791 rus3
457 2746 673 2790 quorum
694 2736 889 2781 medius
913 2737 1082 2781 Eurus
1103 2741 1198 2783 est.
1244 2740 1322 2783 12.
1344 2737 1438 2784 llis
1460 2740 1682 2797 oppositi
1707 2744 1757 2785 et
1777 2752 1895 2785 con·
2075 2712 2078 2893 Ι

2071 2912 2075 3036 2
