2134 3091
243 153 318 205 30.
751 162 961 207 AULI
1031 163 1383 212 GELLH,

247 281 490 336 terarum,
511 273 600 334 qni
620 273 732 340 φῶρ
753 277 968 334 Graece,
985 277 1172 325 Latine
1178 279 1286 340 fur
1304 279 1401 324 est.
1470 281 1518 324 ⁶.
1554 272 1657 324 Sed
1678 289 1739 323 ca
1759 289 1842 323 res

246 342 518 402 fugeritne
536 344 658 390 tunc
675 343 924 392 Varronis
944 346 1269 404 memoriam3
1308 357 1375 390 an
1394 347 1577 390 contra
1598 344 1771 401 aptius
1791 347 1844 389 et

245 409 604 456 cohaerentias
623 410 1010 475 putaritfurem
1029 425 1060 458 a
1070 413 1257 474 furvo,
1298 411 1349 456 id
1368 412 1449 458 est
1468 411 1639 469 nigro,
1667 407 1842 468 appel-

245 475 370 522 lari:
419 475 476 522 in
513 477 605 523 bac
639 490 698 523 re
727 478 790 523 de
822 478 935 525 viro
963 481 1070 525 tam
1099 477 1410 524 excellentis
1442 478 1708 526 docti-inae
1736 489 1843 524 uon

246 555 409 588 :neum
429 541 675 590 iudicium
695 545 790 590 est.

699 635 742 710 c
774 658 819 709 A
855 656 898 708 P
935 658 982 710 u
1023 658 1073 708 T
1142 657 1311 708 xlx.

248 755 460 799 Historia
476 769 613 813 super
628 757 763 803 libris
781 755 1041 813 Sibyninis‚
1074 771 1131 801 ac
1150 762 1203 802 ds
1226 757 1491 815 Tarquinio
1507 753 1711 814 Superbo
1726 771 1829 812 rege

317 851 361 894 1.
398 851 458 894 ln
480 849 708 907 antiquis
728 851 998 896 annualibus
1019 851 1267 896 memoria
1288 862 1444 908 super
1462 849 1610 896 libris
1631 851 1847 910 Sibylli..

245 915 326 960 nis
356 917 480 962 baec
509 916 714 974 prodita
742 920 838 965 est.
907 920 956 963 2.
994 918 1141 963 Anus
1170 917 1374 976 hospita
1399 920 1551 976 atque
1582 917 1847 976 incognita

242 983 305 1028 ad
327 983 660 1040 Tarquinium
683 984 966 1042 Superbum
988 998 1161 1042 regem
1186 983 1341 1044 adiit,
1376 996 1557 1030 novem
1584 977 1845 1031 libros'fe-

193 1104 196 1107 Ι
242 1063 381 1107 rens,
411 1063 540 1108 quos
560 1064 672 1104 esse
703 1051 902 1097 dicebat
924 1050 1101 1098 divina
1122 1051 1354 1099 oracula:
1393 1063 1482 1097 eos
1504 1051 1637 1098 velle
1660 1047 1843 1116 [dixit]

245 1119 560 1164 venundare.
610 1121 655 1165 3.
678 1117 1227 1176 Tarquiniuspretium
1250 1121 1584 1176 percontatus
1605 1121 1708 1166 est:
1734 1133 1843 1165 mu..

243 1183 343 1230 lier
371 1184 586 1232 nimium
617 1188 769 1242 atque
793 1183 1101 1232 'immensum
1130 1185 1385 1244 poposcit.
1454 1189 1501 1230 4.
1537 1186 1669 1243 Rex,
1698 1186 1843 1245 quasi

241 1264 370 1297 anus
388 1255 558 1298 aetate
589 1251 865 1311 desiperet,
887 1251 1087 1298 derisit.
1162 1255 1207 1298 5.
1246 1252 1373 1297 Tum
1394 1251 1487 1298 illa
1508 1251 1735 1299 foculum
1755 1267 1844 1298 co-

241 1331 350 1367 ram
370 1331 432 1364 eo
454 1332 566 1365 cum
589 1319 697 1377 igni
721 1319 979 1379 apposuit,
994 1321 1045 1364 et
1063 1319 1166 1364 tres
1185 1318 1346 1364 libros
1368 1323 1633 1370 exjnovem
1644 1319 1841 1377 deurit3

241 1387 312 1444 et,
331 1385 512 1445 ecquid
530 1386 759 1446 reliquos
780 1397 871 1436 sex
895 1387 1074 1432 eodem
1094 1385 1264 1444 pretio
1286 1399 1451 1431 emere
1474 1385 1652 1440 vellet,
1669 1397 1841 1444 regem

242 1451 605 1510 interrogavit.
689 1455 732 1498 6.
773 1453 872 1499 Sed
910 1451 1046 1498 enim
1088 1451 1404 1509 Tarquinius
1440 1452 1493 1497 id
1525 1447 1701 1498 multo'
1723 1451 1845 1499 risit

241 1518 419 1579 magis,
436 1519 684 1577 dixitque,
697 1532 848 1566 anum
871 1518 970 1567 iam
992 1518 1176 1577 procul
1197 1517 1351 1566 dubio
1374 1517 1619 1567 delirare.
1657 1520 1705 1565 7.
1726 1521 1843 1565 Mu-

239 1588 340 1633 lier
382 1586 568 1632 ibidem
608 1590 780 1633 statim
817 1584 924 1635 'tres
952 1587 1085 1632 alios
1110 1586 1287 1647 libros
1326 1586 1557 1647 exussit3
1602 1589 1755 1644 atque
1790 1586 1841 1632 id

239 1654 408 1713 ipsum
434 1653 603 1700 denuo
633 1653 830 1713 placide
857 1654 1093 1714 rogavit,
1132 1648 1235 1717 [ut]
1268 1656 1373 1701 tres
1392 1652 1621 1711 reliquos
1660 1654 1841 1700 eodem

240 1722 335 1767 illo
356 1720 526 1779 pretio
548 1723 698 1767 emat.
767 1724 815 1766 8.
855 1720 1171 1779 Tarquinius
1202 1734 1293 1767 ore
1316 1721 1413 1765 iam
1434 1720 1573 1767 serio
1593 1722 1743 1777 atque
1763 1726 1841 1767 at·

237 1787 466 1834 tentiore
503 1788 674 1834 animo
712 1787 794 1847 fit3
841 1802 950 1835 eam
993 1786 1339 1834 constantiam
1379 1782 1841 1845 confidentiamque

239 1868 342 1901 non
373 1853 586 1912 insuper
612 1854 894 1903 habendam
921 1854 1201 1913 intelligit:
1240 1856 1292 1899 et
1310 1852 1473 1900 libros
1487 1860 1595 1905 tres
1610 1854 1840 1912 reliquos

239 1924 495 1969 mercatur
515 1922 682 1967 nihilo
703 1924 905 1967 minore
936 1922 1131 1981 pretio,
1173 1933 1318 1977 quam
1338 1922 1473 1977 quod
1494 1924 1605 1967 erat
1625 1920 1840 1979 petitum

239 2003 332 2047 pro
365 1988 618 2035 omnibus.
689 1992 738 2033 9.
776 1989 878 2035 Sed
912 2002 1024 2034 eam
1055 1986 1321 2033 mulierem
1350 1991 1471 2033 tunc
1498 1998 1528 2033 a
1556 1987 1840 2046 Tarquinio

237 2057 517 2117 digressam
539 2059 720 2115 postea
739 2068 988 2113 nusquam
1011 2054 1115 2101 loci
1138 2054 1295 2099 visam
1317 2052 1570 2100 constitit.
1637 2055 1715 2100 10.
1754 2055 1841 2099 Li-

238 2124 314 2168 bri
339 2126 446 2170 tres
466 2123 522 2169 in
543 2122 824 2169 sacrarium
846 2122 1042 2170 conditi
1065 2121 1313 2181 Sibyllini
1335 2120 1597 2181 appellati.
1658 2122 1735 2167 11.
1760 2122 1839 2167 Ad

237 2203 353 2247 eos,
385 2190 529 2247 quasi
549 2191 611 2236 ad
634 2190 924 2250 oraculum,
954 2188 1361 2245 quindecimviri
1384 2189 1601 2249 adeunt,
1633 2202 1745 2235 cum
1766 2187 1839 2233 dii

236 2256 553 2304 immortales
574 2256 778 2315 publice
800 2256 1106 2317 consulendi
1128 2258 1263 2301 sunt.
1566 2250 1571 2255 ’

758 2387 1126 2439 CAPUT
1182 2384 1319 2437 XX.

295 2470 418 2519 Quid
433 2476 698 2525 geometrae
723 2472 886 2515 dicant
913 2484 934 2515 a
946 2485 971 2515 c
983 2471 1014 2515 Ιι
1027 2486 1048 2515 e
1059 2485 1107 2515 m
1118 2486 1147 2513 α
1163 2476 1184 2513 t
1195 2485 1227 2513 a
1238 2498 1252 2519 ,
1285 2467 1547 2527 quibusque
1565 2467 1725 2513 omnia
1746 2470 1839 2512 isca

348 2526 548 2569 Latinis
567 2526 811 2571 vocabula}
831 2529 1149 2584 appellentur.

309 2600 354 2646 1.
391 2600 728 2660 Figuratum,
765 2615 893 2660 quae
933 2596 1173 2665 σχήματα
1212 2604 1515 2651 Geometrae
1552 2600 1831 2663 appellant,

237 2679 430 2724 genera
447 2671 570 2715 sunt
589 2671 714 2719 duo:
752 2670 962 2729 planum
983 2674 1036 2719 et
1055 2671 1293 2719 solidum.
1366 2674 1411 2719 2.
1452 2672 1591 2719 Haec
1620 2669 1713 2729 ipsi
1738 2682 1831 2715 vo-
