2134 3091
758 236 917 284 mn.
970 238 1013 284 1.
1087 236 1262 283 car.
1319 238 1367 283 3.
1810 207 1858 286 '5

274 357 349 402 cta
388 368 535 409 mea,
583 352 781 413 inquit,
832 354 1071 411 factaque
1109 353 1164 400 in
1201 356 1371 400 aetate
1408 355 1570 413 longe
1605 355 1855 414 pleraque

273 422 442 469 omnia
467 421 632 468 fuisse
652 433 759 466 non
780 419 1112 478 poenitenda,
1123 419 1345 466 forsitan
1365 433 1460 467 vos
1483 421 1640 468 etism
1660 423 1856 470 sciatis.

274 491 317 534 3.
352 489 467 546 Ego
490 490 631 534 certe
651 487 708 532 in
727 487 825 532 hoc
844 485 1050 543 quidem
1071 489 1304 544 tempore
1321 501 1429 534 non
1452 488 1585 534 fallo
1604 502 1706 548 me,
1726 489 1858 536 nihil

274 569 383 600 esse
406 553 676 612 quidquam
696 553 1027 599 commissum
1046 565 1078 598 a
1096 567 1176 599 me
1189 583 1204 612 ‚
1231 552 1376 599 cuius
1395 553 1642 601 memoria
1663 555 1742 602 rei
1762 556 1862 601 nli-

274 620 391 678 quid
422 620 591 678 pariat
622 619 990 678 aegritudinis:
1027 618 1132 666 nisi
1160 621 1399 678 profecto
1429 620 1564 666 illud
1597 634 1752 666 unum
1773 622 1862 677 sit,

273 687 402 744 «mod
423 689 633 732 rectene
662 699 729 732 an
758 698 1027 743 perperam
1044 685 1259 732 fecerim
1275 718 1287 742 ‚
1317 687 1544 732 nondum
1563 686 1687 732 mihi
1707 687 1862 745 plane

272 754 453 810 liquet.
522 755 570 798 4.
608 753 775 810 Super
804 751 957 798 amici
987 751 1157 811 capite
1187 751 1346 800 iudex
1375 766 1489 800 cum
1519 753 1717 800 duobus
1737 754 1860 800 aliis

274 819 365 864 fui.
401 819 607 872 Lexita
626 819 755 874 fuit,
778 817 855 864 uti
876 831 993 864 eum
1012 818 1270 864 hominem
1289 819 1622 866 condemnari
1641 833 1858 866 necesse

256 888 426 940 esset.
486 887 591 932 Aut
608 885 803 931 amicus
833 883 993 943 igitur
1022 883 1237 942 capitali
1255 885 1570 945 perdendus,
1603 889 1694 932 aut
1712 887 1859 932 adhi-

270 951 432 998 benda
463 953 609 998 fraus
629 951 734 1010 legi
755 951 870 997 fuit.
941 953 987 996 5.
1024 951 1191 997 Multa
1211 965 1321 997 cnm
1341 952 1515 998 animo
1535 965 1653 998 meo
1687 953 1751 998 ad
1771 965 1854 998 cs-

272 1033 379 1064 sum
417 1021 519 1066 tam
550 1018 826 1077 ancipitem
860 1017 1162 1064 medendum
1198 1018 1516 1064 consultanti
1555 1018 1722 1066 visum
1760 1023 1858 1078 est,

272 1099 384 1130 esse
404 1083 455 1130 id
476 1084 615 1142 quod
634 1084 736 1130 teci
749 1117 762 1144 ,
782 1095 907 1142 prae
927 1083 1027 1129 hoc
1042 1083 1177 1139 quod
1197 1087 1344 1130 erant
1363 1084 1496 1144 alin,
1529 1085 1756 1132 toleratu
1779 1086 1860 1131 fa·

272 1151 441 1198 cilius.
515 1154 561 1196 6.
598 1151 811 1197 Tacitus
830 1149 896 1194 ad
917 1149 1358 1196 condemnandum
1389 1151 1698 1197 sententiam
1729 1152 1856 1198 tuli:

269 1217 374 1278 his,
411 1217 497 1275 qui
519 1216 671 1264 simul
692 1217 1017 1275 iudicabant,
1046 1218 1107 1262 ut
1127 1216 1481 1276 absolverent,
1511 1219 1764 1274 persuasi.
1810 1221 1856 1264 ⁷.

270 1283 357 1330 Sic
376 1283 500 1330 mihi
522 1286 573 1330 et
593 1283 781 1330 iudicis
813 1285 865 1329 et
890 1282 1045 1328 amici
1064 1283 1294 1329 officium
1322 1282 1379 1329 in
1405 1297 1463 1330 re
1494 1287 1636 1330 tanta
1656 1285 1860 1332 salvum

268 1350 382 1398 fuit.
420 1350 521 1396 Sed
540 1351 669 1396 lianc
691 1349 839 1408 capio
870 1363 937 1396 ex
970 1363 1033 1396 eo
1064 1351 1202 1396 facto
1227 1350 1542 1412 molestiam,
1584 1351 1722 1409 quod
1751 1366 1859 1398 me-

266 1421 355 1464 tuo
371 1451 385 1478 ‚
413 1431 481 1464 ne
500 1430 532 1462 a
552 1417 767 1476 perfidia
796 1419 849 1462 et
868 1416 1025 1475 culpa
1054 1430 1164 1462 non
1183 1416 1487 1474 abhorreat,
1523 1417 1580 1464 in
1603 1418 1778 1466 eadem
1801 1433 1858 1465 re

269 1485 548 1542 eodemque
570 1487 825 1544 tempore,
859 1483 1014 1541 inque
1035 1483 1293 1530 communi
1314 1485 1526 1543 negotio
1541 1519 1553 1542 ‚
1575 1485 1715 1542 quod
1733 1485 1860 1532 mihi

268 1552 516 1610 optimum
534 1553 677 1598 factu
698 1550 953 1610 duxerim,
967 1551 1230 1605 diversum
1249 1551 1361 1598 eius
1381 1552 1503 1599 aliis
1524 1552 1770 1601 suasisse.
1810 1556 1857 1599 8.

265 1621 363 1665 Hic
392 1621 567 1665 autem
587 1616 737 1664 Chilo
768 1618 1100 1677 praestabilis
1129 1617 1282 1665 homo
1314 1618 1592 1678 sapientis,
1633 1632 1856 1677 quonam

270 1699 433 1744 usque
458 1683 691 1732 debuerit
720 1687 905 1730 contra.
932 1685 1100 1743 legem
1131 1688 1416 1743 contraque
1446 1685 1530 1732 ius
1561 1699 1656 1745 pro
1688 1686 1857 1733 amico

268 1752 529 1812 progredi,
550 1750 827 1809 dubitavit3
864 1764 1029 1810 eaque
1051 1765 1140 1799 res
1161 1752 1216 1797 in
1235 1753 1334 1799 fine
1356 1765 1563 1810 quoque
1581 1752 1720 1799 vitae
1741 1753 1856 1811 ipso

268 1818 498 1865 animum
518 1818 633 1864 eius
652 1818 819 1863 anxit.
892 1821 941 1863 9.
978 1818 1047 1863 Et
1069 1818 1161 1864 alii
1183 1818 1421 1878 deinceps
1439 1819 1594 1866 multi
1623 1818 1860 1877 philoso-

268 1886 419 1943 phiae
442 1887 755 1943 sectatores,
782 1886 842 1929 ut
858 1884 915 1931 in
943 1883 1092 1931 libris
1113 1898 1294 1931 eorum
1325 1884 1570 1944 scriptum
1590 1888 1698 1947 cst,
1731 1886 1860 1933 satis

269 1950 529 2010 anquisite
548 1951 775 2009 satisque
794 1950 1028 1998 sollicite
1048 1951 1412 2010 quaesierunt,
1429 1954 1486 1998 ut
1505 1951 1695 2011 verbis,
1731 1965 1862 2011 quae

270 2020 466 2077 scripta
484 2020 629 2078 sunt,
652 2016 779 2077 ipsis
800 2020 944 2064 utar:
980 2016 1025 2063 εἰ
1046 2015 1124 2064 δεῖ
1144 2017 1374 2078 βοηθεῖν
1395 2016 1466 2077 τῷ
1487 2016 1614 2081 φίλῳ
1635 2016 1774 2079 παρὰ
1796 2012 1856 2063 τὰ

267 2082 484 2142 δίκαιον,
507 2081 591 2129 καὶ
608 2084 759 2147 μέχρι
777 2079 959 2139 πόσου,
979 2082 1063 2129 καὶ
1083 2087 1222 2129 ποῖα.
1274 2084 1354 2131 En
1371 2084 1531 2131 verba
1551 2084 1860 2145 significant,

266 2152 541 2209 quoesisse
560 2164 653 2197 eos
666 2184 680 2212 ,
702 2162 766 2195 an
787 2162 1157 2207 nonnunquam
1179 2154 1358 2197 contra
1379 2149 1464 2196 ius
1485 2153 1733 2197 contrave
1752 2165 1863 2197 mo-

266 2222 381 2265 rem
402 2217 691 2264 faciendum
710 2230 803 2275 pro
826 2215 993 2263 amico
1015 2217 1111 2272 sit,
1133 2220 1191 2263 et
1207 2216 1264 2262 in
1285 2215 1552 2277 qualibus,
1576 2216 1730 2274 [etin
1748 2217 1862 2275 qui-

264 2286 401 2343 bus]
436 2284 637 2343 causis,
679 2287 732 2329 et
750 2295 1015 2340 quemnam
1047 2282 1276 2341 adusque
1298 2282 1517 2329 modum.
1589 2284 1668 2331 10.
1699 2286 1864 2344 Super

262 2355 365 2399 hac
384 2350 689 2409 quaestione
710 2362 819 2395 cum
844 2350 905 2395 ab
924 2348 1071 2405 aliis,
1091 2349 1244 2395 sicuti
1263 2348 1406 2411 dixi,
1422 2349 1600 2398 multis
1613 2383 1630 2406 ,
1649 2357 1758 2398 tum
1779 2352 1865 2399 vel

266 2416 672 2477 diligentissime
690 2429 721 2462 a
742 2415 1100 2477 Theophrasto
1122 2415 1436 2477 disputatur,
1474 2418 1590 2465 viro
1615 2418 1671 2463 in
1687 2418 1864 2475 philo-

264 2484 457 2543 sophia
472 2482 821 2543 Peripatetico
837 2481 1219 2530 modestissimo
1241 2481 1660 2541 doctissimoque.
1679 2485 1862 2543 anue

264 2550 556 2611 disputatio
577 2548 771 2607 scripta
790 2552 895 2611 est,
916 2548 962 2595 si
981 2551 1125 2596 recte
1145 2548 1495 2605 meminimus,
1516 2549 1570 2595 in
1589 2550 1726 2597 libro
1749 2551 1863 2597 eius

262 2622 346 2665 De
368 2616 597 2665 amicitia
616 2615 802 2673 primo.
873 2616 955 2661 11.
992 2616 1124 2663 Eum
1153 2616 1338 2662 librum
1357 2617 1430 2661 Μ.
1454 2614 1636 2664 Cicero
1656 2617 1864 2663 videtur

263 2685 496 2743 legisse,
534 2682 782 2741 cumipse
816 2696 1015 2741 quoque
1038 2682 1226 2729 librum
1257 2682 1317 2728 de
1336 2682 1568 2731 amicitia
1587 2697 1862 2740 compone-

262 2756 370 2801 ret.
433 2750 503 2798 Et
536 2753 708 2798 cetera
744 2749 966 2813 quidem,
1008 2764 1136 2809 quae
1167 2748 1414 2797 sumendo
1443 2763 1476 2797 n.
1505 2749 1861 2809 Theophrasto
