2134 3091
704 216 865 264 1213.
907 216 1036 265 XX.
1109 216 1288 264 GAP.
1329 219 1374 264 1.
1742 210 1848 263 445

236 332 479 380 Graecos
508 347 611 380 non
644 338 829 380 tantae
860 336 1105 381 inscitiae
1131 348 1371 395 arcesso,
1410 334 1502 394 qm·
1525 344 1588 379 ου
1607 346 1676 379 ex
1696 345 1725 377 o
1745 339 1797 378 ee
1815 344 1848 377 υ

233 402 578 459 scripserunt,
610 406 837 461 quantae
849 434 863 459 ‚
898 404 991 461 qus·
1006 415 1051 446 ει
1071 414 1142 448 0ae
1159 414 1184 447 ε
1203 406 1259 447 et
1273 416 1328 445 ι·
1302 432 1321 460 ‚
1361 400 1498 449 alud
1521 402 1650 447 enim
1668 400 1850 459 inopsoe

220 466 639 529 fecerunt31wc·
655 468 806 515 nulla
824 482 885 515 re
903 468 1126 515 subacti.

466 807 826 875 LIBER
918 808 1628 878 VIGESIMUS.

792 960 1172 1015 CAPUT
1243 964 1287 1017 1.
1599 957 1602 961 ⁴

464 1060 582 1106 tatio
617 1058 724 1106 διε.
754 1060 943 1107 caesui
964 1062 1279 1115 iureconsulti,
1319 1070 1364 1109 se
1390 1059 1619 1107 Fanum
1633 1058 1845 1118 philoso-

383 1117 505 1160 Ιιάε
522 1118 694 1173 legibus
712 1118 947 1163 dundee-ins
968 1120 1245 1163 tabularum.

236 1128 459 1256 Sextus
480 1208 766 1270 Caecilius,
806 1211 861 1258 iu
882 1212 1194 1273 disciplina·
1181 1212 1340 1269 iuris,
1380 1214 1534 1269 atque
1559 1210 1616 1257 in
1639 1209 1844 1268 legibus

232 1275 417 1336 populi
444 1276 664 1325 Romani
712 1279 987 1327 noscendis
1035 1278 1567 1340 interpretandisque,
1607 1276 1843 1334 scientia,

231 1356 362 1401 usu,
403 1345 814 1403 auctoritateque
854 1345 1051 1393 illustri
1081 1348 1200 1394 fuit.
1269 1350 1316 1392 2.
1356 1347 1436 1391 Ad
1463 1358 1578 1391 eum
1613 1346 1750 1393 forte
1790 1342 1842 1387 in

232 1422 359 1455 area
377 1410 640 1469 Palatina,
679 1425 793 1458 eum
818 1411 1186 1461 salutationem
1205 1412 1444 1461 Caesaris
1467 1410 1844 1470 opperiamur,

233 1476 575 1536 philosophus
595 1479 887 1527 Favorinus
907 1482 1154 1537 accessit,
1187 1480 1580 1537 collocutusque
1602 1480 1707 1536 est,
1746 1490 1844 1522 no-

231 1543 315 1592 bis
334 1544 613 1604 multisque
634 1547 758 1593 aliis
779 1548 1153 1607 praesentibus.
1215 1552 1268 1596 3.
1306 1551 1364 1594 lu
1387 1547 1497 1593 illis
1521 1549 1641 1592 tunc
1663 1557 1844 1592 eorum

232 1612 558 1660 temonibus
580 1617 697 1661 orta
717 1615 911 1662 mentio
933 1619 1011 1662 est
1040 1616 1214 1676 legum
1233 1613 1694 1673 Decemviralium‚
1720 1623 1845 1670 quas

232 1680 527 1726 Decemviri
548 1681 661 1728 eius
681 1682 756 1728 rei
776 1683 945 1742 gratia
965 1697 995 1729 a
1014 1684 1210 1743 populo
1239 1683 1400 1729 creati
1429 1683 1842 1740 composuerunt,

233 1745 387 1803 inque
417 1747 689 1795 duodecim
722 1750 925 1796 tabulas
964 1749 1402 1809 conscripserunt.
1476 1751 1525 1794 4.
1563 1748 1666 1793 Eas
1697 1747 1842 1804 leges

232 1825 343 1856 cum
364 1813 490 1859 Sex.
524 1814 785 1860 Caecilius
802 1847 816 1871 ‚
853 1815 1122 1873 inquisitis
1155 1817 1547 1874 exploratisque
1565 1813 1844 1860 multarum

233 1877 432 1922 urbium
458 1879 680 1938 legibus,
699 1879 927 1939 eleganti
946 1886 1099 1940 atque
1121 1883 1360 1928 absoluta
1380 1882 1635 1927 brevitate
1653 1880 1844 1924 verbo-

234 1957 345 1988 rum
376 1943 594 2002 scriptas
633 1945 853 1993 diceret:
894 1948 999 2004 Sit,
1038 1947 1234 2005 inquit,
1275 1948 1400 2002 hoc,
1432 1945 1748 1999 Favorinus,
1788 1944 1842 1989 in

233 2010 479 2067 pleraque
519 2023 694 2056 earum
734 2012 907 2070 legum
944 2017 1120 2071 parte,
1159 2013 1232 2058 ita
1261 2011 1341 2058 uti
1371 2011 1525 2070 dicis;
1571 2024 1677 2057 non
1705 2010 1843 2056 enim

233 2075 398 2122 minus
438 2075 621 2134 cupide
658 2077 864 2124 tabulas
907 2078 1037 2125 istas
1071 2080 1343 2126 duodecim
1363 2077 1496 2137 legi,
1537 2091 1688 2136 quam
1715 2077 1840 2122 illos

236 2143 411 2188 decem
442 2142 607 2189 libros
634 2142 871 2190 Platonis
901 2143 979 2192 De
1006 2146 1248 2205 Legibus.
1321 2144 1424 2190 Sed
1443 2144 1691 2201 quaedam
1719 2143 1842 2190 istic

233 2222 347 2255 esse
388 2207 866 2256 animadvertuntur
896 2214 985 2258 aut
1016 2211 1411 2268 obscurissima,
1450 2214 1540 2256 aut
1567 2211 1713 2267 dura3
1753 2213 1842 2256 aut

233 2275 369 2322 levia
411 2279 593 2323 contra
628 2275 783 2322 nimis
822 2280 875 2323 et
900 2280 1146 2337 remissa3
1184 2281 1272 2324 aut
1297 2289 1615 2335 nequaquam
1645 2277 1743 2338 ita,
1783 2281 1841 2323 ut

233 2342 473 2400 scriptum
494 2345 591 2402 est,
614 2343 971 2392 consistentia.
1044 2349 1092 2392 5.
1129 2344 1502 2398 Obscuritates‚
1524 2345 1696 2401 inquit
1713 2346 1837 2390 Sex.

234 2408 517 2464 Caecilius,
558 2423 664 2456 non
686 2410 1007 2470 assignemus
1038 2411 1220 2470 culpae
1249 2411 1610 2470 scribentium,
1647 2411 1738 2457 sed
1758 2410 1840 2456 in-

233 2475 480 2523 scientiae
498 2489 605 2522 non
630 2479 1031 2536 assequentium.
1105 2479 1408 2536 Quanquam
1428 2478 1468 2523 ii
1488 2490 1690 2536 quoque
1719 2476 1838 2535 ipsi,

233 2541 333 2602 qui,
353 2554 483 2600 quae
503 2542 701 2602 scripta
718 2548 861 2602 sunt,
888 2545 1059 2593 miuus
1093 2544 1411 2605 percipiunt,
1453 2543 1607 2602 culpa
1633 2547 1836 2590 vacant.

232 2611 276 2655 6.
294 2610 423 2656 Nam
445 2610 601 2670 longa
621 2615 765 2658 aetas
792 2615 951 2660 verba
978 2616 1131 2671 atque
1160 2625 1333 2658 mores
1363 2614 1564 2658 veteres
1587 2609 1836 2657 oblitera-

232 2675 327 2733 vit,
360 2677 549 2735 ‘quibus
579 2678 755 2726 verbis
774 2680 1104 2739 moribusque
1126 2679 1385 2726 sententia
1403 2679 1578 2739 legum
1603 2691 1838 2736 compre-

230 2744 387 2792 hensa
424 2747 519 2794 est.
604 2745 993 2797 Trecentesimo
1032 2760 1251 2809 namque
1287 2759 1425 2795 anno
1464 2748 1587 2807 post
1622 2745 1836 2794 Romam
