2134 3091
313 265 343 295 0
564 265 723 311 LlB.
768 266 955 313 xvu.
1028 267 1207 313 CAP.
1253 271 1300 314 9.
1639 263 1740 315 389

129 384 196 431 ob
234 396 444 440 eamque
470 395 579 428 rem
606 382 797 429 dictum
840 396 954 431 esse
991 384 1052 429 ab
1085 384 1309 430 Homero
1341 381 1548 429 αἴθοπα
1580 382 1740 446 οἶνον,

127 464 258 506 non,
279 454 339 495 ut
358 449 453 495 alii
474 452 731 509 putarent,
754 454 964 509 propter
986 452 1230 497 colorem.
1287 451 1366 496 11.
1400 451 1498 497 Est
1516 452 1735 512 quidem,

128 516 302 573 inquit
322 518 539 575 Taurus,
570 517 645 562 ita
664 519 719 562 ut
742 517 895 575 dicis3
934 530 1051 563 nam
1075 520 1236 572 ferme
1256 517 1518 573 convenit,
1541 518 1733 575 vinum,

124 584 217 630 ubi
238 585 415 642 potum
435 586 540 643 est,
580 584 871 631 calefacere
898 598 1137 642 corpora.
1212 586 1292 631 12.
1333 585 1436 631 Sed
1455 598 1562 631 non
1585 597 1734 631 secus

126 650 305 697 oleum
332 662 533 707 quoque
562 650 878 697 calorificum
906 655 1009 696 est:
1050 664 1216 710 neque
1249 652 1497 699 minorem
1531 651 1634 697 vim
1670 652 1726 696 in

127 717 437 774 corporibus
457 717 825 764 calefactandis
844 718 1015 764 habet.
1093 720 1169 765 13.
1208 719 1288 763 Ad
1315 718 1440 778 boc,
1482 717 1525 764 si
1549 719 1730 777 istaec,

124 798 259 841 quae
278 784 534 831 calidiora
554 787 687 843 sunt,
721 783 979 831 difficilius
998 786 1120 844 gelu
1143 788 1410 844 coguntur,
1441 798 1730 844 congruens

124 855 225 911 est,
253 855 325 912 ut,
354 863 485 908 quae
506 851 780 910 frigidiora
800 854 937 911 sunt,
959 852 1116 899 facile
1138 856 1404 911 cogantur.
1475 854 1558 898 14.
1595 855 1728 899 Ace-

125 920 236 964 tum
278 921 447 964 autem
474 918 699 965 omnium
727 918 951 965 maxime
981 918 1319 978 frigorificum
1354 921 1456 965 est:
1495 923 1646 977 atque
1677 918 1732 964 id

122 998 384 1043 nunquam
406 987 575 1031 tamen
596 986 897 1031 concrescit.
971 988 1049 1031 15.
1088 988 1220 1031 Num
1242 986 1404 1045 igitur
1419 986 1584 1044 magis
1606 1000 1732 1033 cau-

123 1065 184 1098 sa
212 1052 331 1098 oleo
366 1052 573 1111 coaguli
601 1052 871 1099 celerioris
906 1052 962 1098 in
999 1052 1249 1099 laevitate
1281 1055 1393 1099 est?
1463 1053 1730 1099 Faciliora

120 1118 263 1167 euim
291 1119 356 1165 ad
390 1120 672 1165 coeundum
703 1119 823 1165 ideo
846 1118 1115 1175 videntur,
1155 1132 1284 1175 quae
1307 1118 1598 1166 laevatiora
1618 1119 1729 1165 lae-

120 1185 373 1244 vioraque
394 1189 530 1233 sunt.
603 1188 680 1231 16.
718 1186 995 1232 Praeterea
1024 1186 1080 1232 id
1110 1198 1313 1244 quoque
1340 1187 1416 1231 ait
1445 1187 1622 1243 quaeri
1647 1186 1729 1230 (li-

122 1266 307 1313 gnum,
348 1265 439 1299 cur
470 1251 742 1299 fluviorum
773 1256 825 1299 et
856 1252 1074 1299 fontium
1106 1266 1266 1309 aquae
1306 1254 1423 1312 gelu
1461 1252 1727 1311 durentur,

120 1333 266 1366 mare
288 1333 439 1367 omne
462 1319 844 1379 incongelabile
863 1320 964 1366 sit‘.⁸
1034 1320 1264 1366 Tametsi
1283 1320 1610 1374 Herodotus,
1646 1320 1728 1366 in-

122 1386 260 1446 quit,
288 1386 541 1433 historiae
563 1388 813 1445 scriptor,
842 1390 1021 1434 contra
1040 1386 1264 1433 omnium
1287 1390 1464 1445 ferme,
1495 1386 1581 1444 qui
1603 1386 1730 1433 haec

122 1454 517 1511 quaesiverunt,
565 1454 887 1515 opinionem,
936 1454 1141 1514 scribit,
1195 1466 1335 1502 mare
1373 1454 1726 1511 Bosporicum,

122 1522 263 1580 quod
304 1521 626 1568 Cimmerium
665 1522 974 1581 appellatur,
1015 1536 1288 1580 earumque
1330 1520 1551 1581 partium
1586 1534 1728 1568 mare

124 1602 293 1648 omne,
307 1589 445 1646 quod
465 1589 758 1648 Scytbicum
780 1589 987 1649 dicitur,
1003 1591 1124 1648 gelu
1146 1590 1331 1649 stringi
1352 1592 1404 1635 et
1423 1589 1725 1637 consistere.

126 1657 207 1700 17.
244 1656 375 1702 Dum
402 1656 528 1702 haec
557 1657 783 1716 Taurus,
824 1657 1022 1703 interea
1050 1671 1180 1715 puer
1201 1661 1414 1703 venerat
1431 1661 1484 1703 et
1502 1658 1612 1703 olla
1635 1657 1724 1703 ‹le-

123 1723 411 1770 serbuerat:
449 1727 750 1781 tempusque
770 1737 883 1770 esse
905 1728 1146 1782 coeperat
1165 1725 1352 1771 edendi
1373 1727 1424 1771 et
1443 1724 1662 1772 tacendi.

640 1855 1013 1906 CAPUT
1086 1855 1192 1906 1X.

179 1938 247 1984 De
265 1939 387 1982 notis
406 1939 664 1989 literarum,
695 1951 809 1993 quae
827 1938 876 1980 in
898 1939 943 1980 C.
969 1935 1174 1980 Caesaris
1193 1937 1400 1992 epistolis
1417 1936 1717 1992 reperiuntur,

235 1997 370 2062 deque
388 1995 495 2039 aliis
514 1992 806 2038 clandestinis
833 1992 975 2035 literis
992 2005 1051 2036 ea·
1071 1998 1220 2035 vetere
1239 1992 1436 2036 historia
1447 1992 1636 2048 petius.-
1675 1998 1722 2034 et

233 2053 345 2106 9111ίί
356 2057 539 2106 σκυιάλη
558 2051 621 2093 sit
637 2048 885 2092 Laconica.

192 2127 241 2171 1.
278 2126 419 2172 Libri
442 2130 561 2174 sunt
579 2125 912 2184 epistolarum
936 2126 989 2169 C.
1015 2124 1251 2170 Caesaris
1272 2125 1336 2169 ad
1359 2125 1413 2168 C.
1435 2121 1654 2180 Oppium
1675 2127 1728 2170 et

122 2193 333 2238 Balbum
355 2193 674 2249 Cornelium,
698 2191 786 2248 qui
804 2205 889 2238 res
911 2191 1024 2237 eius
1047 2191 1276 2235 absentis
1298 2191 1560 2237 curabant.
1592 2191 1642 2234 2.
1663 2191 1726 2235 ln

120 2258 202 2303 his
232 2259 471 2316 epistolis
498 2259 798 2318 quibusdam
830 2258 883 2302 in
904 2257 1036 2303 locis
1058 2257 1394 2303 inveniuntur
1413 2257 1596 2302 literae
1617 2256 1725 2301 sin-

119 2325 357 2382 gulariae
380 2327 492 2372 sine
523 2322 843 2384 coagmentis
866 2323 1203 2383 syllabarum,
1236 2336 1360 2381 quas
1381 2326 1436 2368 tu
1455 2325 1608 2380 putes
1627 2335 1722 2380 po-

120 2391 249 2438 sitas
280 2393 570 2451 incondite3
608 2404 721 2437 nam
752 2393 909 2437 verba
938 2402 1007 2436 ex
1036 2389 1118 2436 his
1152 2390 1320 2436 literis
1355 2389 1535 2437 confici
1572 2388 1723 2434 nulla

118 2462 353 2517 possunt.
428 2459 473 2504 3.
520 2459 645 2504 Erat
674 2459 845 2502 autem
877 2461 1185 2502 conventum
1216 2457 1352 2503 inter
1380 2469 1470 2502 eos
1513 2455 1721 2500 claude-

120 2525 309 2570 stinum
329 2525 391 2570 de
416 2523 773 2570 commutando
795 2523 898 2567 situ
919 2521 1216 2581 literarum,
1245 2526 1302 2568 ut
1322 2523 1373 2568 in
1396 2523 1587 2579 scripto
1608 2521 1723 2578 qui-

121 2593 237 2637 dem
266 2589 374 2636 alia
404 2589 543 2635 aliae
574 2589 747 2634 locum
766 2590 819 2634 et
840 2601 1023 2634 nomeu
1045 2591 1272 2644 teneret,
1311 2590 1475 2636 sedin
1500 2589 1720 2646 legendo
1811 2609 1816 2612 ·

118 2659 269 2704 locus
292 2655 479 2713 cuique
501 2669 623 2701 suus
644 2658 698 2699 et
715 2657 945 2713 potestas
966 2655 1348 2703 restitueretur:
1390 2659 1438 2701 4.
1473 2669 1720 2713 quaenam

118 2738 243 2771 vero
267 2723 423 2770 litera
445 2735 537 2780 pro
558 2735 659 2780 qua
678 2722 999 2782 subderetur,
1022 2726 1140 2769 ante
1163 2722 1245 2783 iis,
1259 2723 1412 2768 sicuti
1433 2723 1562 2778 dixi,
1581 2736 1720 2768 com-

119 2793 372 2853 placebat,
402 2789 493 2849 qui
512 2789 642 2836 hanc
662 2787 918 2837 scribendi
937 2789 1187 2837 latebram
1209 2793 1470 2851 parabant.
1541 2794 1588 2837 5.
1626 2790 1720 2836 Est
