2134 3091
331 157 410 212 Εἰ
839 162 1052 208 Avnl
1124 161 1501 208 GELLnt

883 275 1252 326 CAPUT
1322 275 1461 327 Vll.

397 353 606 400 Historia
631 369 690 400 sc
718 353 959 397 malibus
985 361 1145 399 sumta
1173 358 1227 398 de
1254 353 1305 402 Q.
1328 354 1561 406 Caedicio,
1596 354 1783 399 mmo
1810 351 1911 397 vm*-

449 413 598 462 litam,
619 411 846 468 verbaque
864 423 921 452 σε
934 407 1194 465 Originibus
1214 411 1282 452 M.
1304 409 1491 454 Catom'i
1513 408 1753 468 apposita,
1772 407 1933 466 quibus

451 466 655 512 Caedicia·
667 467 887 510 virtutem
905 477 1005 508 cum
1024 463 1263 522 Spartano
1282 465 1493 508 Leonida
1509 465 1799 524 aequiparat.

405 541 454 588 1.
489 537 767 589 Pulchrum
791 541 865 586 dii
895 539 1044 586 boni!
1084 541 1284 588 facinus
1316 543 1725 600 Graecarumque
1754 541 1929 586 facun-

335 607 539 654 diarum
577 607 1021 665 magniloquentia
1065 608 1375 667 condignum
1410 610 1485 654 M.
1524 609 1651 656 Cato
1689 607 1744 652 in
1780 604 1931 652 libris

333 673 605 732 Originum
623 671 686 718 de
707 675 770 728 Q.
795 673 1052 734 Caedicio,
1080 674 1287 724 tribuno
1308 675 1549 733 militum,
1579 673 1825 730 seriptum
1844 684 1934 719 re-

331 740 504 797 liquit.
575 741 623 784 2.
660 741 718 786 Id
747 740 989 798 profecto
1027 743 1107 787 est
1138 741 1201 786 ad
1239 741 1369 788 hanc
1409 743 1569 788 ferme
1598 739 1925 789 sententiam:

331 807 381 858 3.
405 807 690 862 Imperator
707 806 911 853 Poenus
933 807 988 852 in
1005 809 1146 854 terra
1154 807 1353 864 Sicilia,
1372 807 1517 854 bello
1536 805 1929 866 Carthaginien-

330 873 377 918 si
398 872 562 930 primo
575 902 590 931 ‚
621 873 823 920 obviam
842 875 1072 920 Romano
1094 874 1351 920 exercitui
1370 873 1727 932 progreditur3
1765 872 1927 918 colles

328 938 578 996 locosque
599 937 816 987 idoneos
837 940 980 998 prior
1003 943 1237 998 occupat.
1302 943 1351 986 4.
1378 941 1575 987 Milites
1597 939 1828 999 Romani,
1851 939 1927 984 uti

309 1019 411 1063 ¹res
432 1007 554 1052 nata
576 1008 680 1064 est,
717 1006 769 1052 in
791 1007 964 1053 locum
982 1006 1269 1062 insinuant,
1306 1007 1479 1056 fraudi
1499 1011 1552 1054 et
1570 1005 1817 1066 perniciei
1838 1008 1928 1051 ob·

327 1072 566 1119 noxium.
638 1076 686 1120 5.
723 1073 980 1120 Tribunus
1009 1073 1075 1119 ad
1096 1074 1356 1120 consulem
1378 1074 1547 1132 venit3
1588 1072 1816 1120 ostendit
1834 1085 1927 1120 ex-

325 1139 479 1186 itium
514 1138 574 1186 de
611 1139 719 1187 loci
754 1139 1141 1198 importunitate
1180 1143 1231 1186 et
1268 1141 1491 1188 hostium
1528 1138 1924 1188 circumstantia.

328 1209 377 1252 6.
415 1209 673 1252 Maturum
693 1220 904 1264 censeo,
943 1207 1133 1264 inquit,
1173 1207 1217 1253 si
1237 1220 1343 1254 rem
1364 1221 1570 1254 servare
1592 1207 1689 1263 vis,
1728 1205 1915 1253 faciun-

329 1273 464 1335 dum,
483 1277 543 1319 ut
559 1274 959 1333 quadringentos
979 1274 1182 1332 aliquos
1200 1275 1393 1322 milites
1412 1276 1475 1324 ad
1498 1287 1765 1322 verrucam
1785 1272 1929 1318 illam

328 1335 436 1404 (sic
463 1340 602 1386 enim
627 1343 699 1386 M.
732 1342 858 1388 Cato
889 1342 1060 1387 locum
1090 1341 1282 1391 editum
1309 1354 1644 1400 asperumque
1672 1335 1925 1399 appellat)

329 1407 407 1454 ire
439 1405 642 1464 iubeas,
691 1421 901 1466 eamque
927 1409 1003 1455 uti
1037 1412 1287 1468 occupent
1322 1409 1545 1466 imperes
1580 1407 1925 1464 horterisque:

329 1474 505 1522 hostes
537 1475 773 1531 profecto
807 1475 898 1522 ubi
929 1476 982 1521 id
1012 1475 1260 1540 viderint,
1301 1475 1614 1522 fortissimus
1641 1473 1851 1534 quisque
1880 1476 1931 1516 et

331 1540 708 1603 promtissimus
756 1541 820 1589 ad
867 1543 1237 1603 occursandum
1281 1542 1705 1602 pugnandumque
1742 1541 1798 1587 iu
1836 1553 1925 1585 eos

329 1612 747 1669 praevertentur,
779 1623 981 1669 unoque
1011 1610 1110 1655 illo
1130 1610 1343 1669 negotio
1363 1622 1476 1655 sese
1498 1608 1810 1668 alligabunt:
1850 1611 1927 1653 at-

331 1690 430 1734 que
458 1675 544 1735 iili
573 1688 746 1722 omnes
772 1676 1137 1736 quadringenti
1162 1678 1347 1735 procul
1370 1675 1525 1723 dubio
1548 1677 1925 1723 obtruncabun·

329 1748 434 1791 tur.
505 1744 553 1788 ⁶1.
577 1742 653 1788 Tu
675 1742 892 1802 interea,
915 1744 1178 1801 occupatis
1198 1743 1253 1789 iu
1273 1758 1334 1789 ea
1354 1743 1509 1789 caede
1528 1742 1779 1803 hostibus,
1800 1748 1922 1787 tem·

331 1823 430 1871 pus
457 1809 718 1856 exercitus
747 1823 814 1856 ex
843 1810 940 1856 hoc
965 1811 1104 1861 loco,
1129 1811 1377 1858 educendi
1412 1809 1637 1857 habebis.
1707 1813 1756 1855 8.
1792 1808 1927 1863 Alia,

331 1877 435 1925 uisi
453 1876 597 1933 haec,
620 1876 806 1922 salutis
827 1877 914 1923 via
932 1877 1081 1923 nulla
1100 1880 1195 1923 est.
1267 1878 1462 1924 Consul
1488 1878 1695 1925 tribuno
1715 1889 1929 1935 respon·

333 1945 434 2003 dit,
468 1942 747 1991 consilium
773 1943 971 2001 quidem
1001 1944 1155 1991 fidum
1184 1946 1335 2003 atque
1364 1944 1639 2004 providens
1666 1944 1768 1991 sibi
1786 1942 1928 1989 vide-

333 2011 466 2070 rier3
504 2011 591 2057 sed
614 2009 764 2069 istos,
785 2008 970 2070 inquit,
996 2011 1190 2059 milites
1208 2012 1612 2073 quadringentos
1631 2012 1695 2059 ad
1714 2022 1831 2057 eum
1850 2009 1929 2054 lo-

335 2092 448 2127 cum
475 2077 530 2123 in
558 2077 784 2123 hostium
811 2090 1000 2124 cuneos
1029 2079 1263 2136 quisnam
1290 2079 1390 2127 erit
1414 2080 1504 2139 qui
1537 2078 1719 2125 ducat!
1790 2079 1837 2121 9.
1875 2074 1932 2120 Si

334 2145 514 2201 alium,
533 2144 702 2201 inquit
721 2144 972 2203 tribunus,
993 2147 1245 2193 neminem
1264 2146 1481 2203 reperis,
1508 2160 1589 2191 me
1609 2144 1737 2191 licet
1752 2142 1813 2189 ad
1832 2141 1933 2188 hoc

331 2212 622 2271 periculum
654 2214 828 2257 utare:
867 2226 960 2271 ego
999 2212 1131 2259 hano
1169 2213 1263 2259 tihi
1292 2214 1345 2258 et
1368 2212 1687 2271 reipublicae
1716 2209 1931 2255 animam

335 2279 421 2324 do.
469 2280 548 2325 1⁰.
580 2279 776 2325 Consul
803 2278 1008 2326 tribuno
1029 2280 1225 2338 gratias
1243 2280 1521 2337 laudesque
1541 2278 1662 2336 egit.
1710 2279 1791 2323 11.
1816 2276 1933 2321 Tri-

335 2347 502 2393 bunus
551 2348 604 2392 et
649 2346 1008 2404 quadringenti
1053 2346 1119 2393 ad
1161 2346 1487 2393 moriendum
1523 2344 1932 2403 proficiscuntur.

337 2414 418 2461 12.
455 2414 644 2459 Hostes
681 2425 855 2459 eorum
892 2414 1159 2459 audaciam
1195 2413 1513 2459 demirantur
1525 2427 1543 2469 ,ς
1582 2423 1825 2467 quorsum
1861 2409 1939 2455 ire

335 2482 568 2538 pergant,
589 2480 645 2525 in
663 2481 1010 2537 exspectando
1031 2485 1165 2529 sunt.
1244 2482 1323 2527 13.
1360 2480 1461 2526 Sed
1481 2478 1571 2525 ubi
1590 2478 1843 2537 apparuit,
1877 2478 1941 2523 ad

337 2547 550 2593 eandem
569 2559 833 2593 verrucam
853 2548 1201 2606 occupandam
1220 2548 1321 2594 iter
1341 2546 1636 2604 intendere3
1668 2544 1829 2591 mittit
1848 2545 1939 2590 ad-

339 2624 544 2659 versum
573 2613 697 2659 illos
727 2615 1012 2673 Imperator
1033 2614 1474 2673 Carthaginiensis
1496 2613 1776 2673 peditatum
1798 2612 1938 2669 equi—

339 2681 624 2740 tatumque,
665 2694 788 2737 quos
818 2682 872 2727 iu
901 2682 1139 2733 exercitu
1167 2682 1311 2728 viros
1342 2681 1517 2728 habuit
1535 2680 1935 2728 strenuissimos.
2089 2716 2090 2749 1
