<?xml version="1.0" encoding="UTF-8"?>
<!DOCTYPE html PUBLIC "-//W3C//DTD XHTML 1.0 Transitional//EN"
    "http://www.w3.org/TR/xhtml1/DTD/xhtml1-transitional.dtd">
<html xmlns="http://www.w3.org/1999/xhtml" xml:lang="en" lang="en">
 <head>
  <title>
</title>
<meta http-equiv="Content-Type" content="text/html;charset=utf-8" />
  <meta name='ocr-system' content='tesseract 3.04.00' />
  <meta name='ocr-capabilities' content='ocr_page ocr_carea ocr_par ocr_line ocrx_word'/>
</head>
<body>
  <div class='ocr_page' id='page_1' title='image "./noctesatticaecu00gellgoog_0469.png"; bbox 0 0 2134 3091; ppageno 0'>
   <div class='ocr_carea' id='block_1_1' title="bbox 293 144 1409 196">
    <p class='ocr_par' dir='ltr' id='par_1_1' title="bbox 293 144 1409 196">
     <span class='ocr_line' id='line_1_1' title="bbox 293 144 1409 196; baseline 0.004 -4"><span class='ocrx_word' id='word_1_1' title='bbox 293 144 396 194; x_wconf 68' lang='lat'><strong>462</strong></span> <span class='ocrx_word' id='word_1_2' title='bbox 829 146 1409 196; x_wconf 80' lang='lat' dir='ltr'><strong>EPlLOGUS·</strong></span> 
     </span>
    </p>
   </div>
   <div class='ocr_carea' id='block_1_2' title="bbox 294 254 1906 2724">
    <p class='ocr_par' dir='ltr' id='par_1_2' title="bbox 294 254 1906 2724">
     <span class='ocr_line' id='line_1_2' title="bbox 297 254 1903 325; baseline 0.003 -16"><span class='ocrx_word' id='word_1_3' title='bbox 297 262 388 322; x_wconf 81' lang='lat' dir='ltr'><strong>qui</strong></span> <span class='ocrx_word' id='word_1_4' title='bbox 415 254 832 324; x_wconf 73' lang='grc' dir='ltr'><strong><em>Πραγματικᾶ,ο</em></strong></span> <span class='ocrx_word' id='word_1_5' title='bbox 805 266 856 309; x_wconf 92' lang='lat' dir='ltr'><strong>et</strong></span> <span class='ocrx_word' id='word_1_6' title='bbox 882 255 969 307; x_wconf 67' lang='lat'><strong>111}</strong></span> <span class='ocrx_word' id='word_1_7' title='bbox 956 276 1151 325; x_wconf 68' lang='grc' dir='ltr'><strong>ερεργα,</strong></span> <span class='ocrx_word' id='word_1_8' title='bbox 1184 266 1237 309; x_wconf 82' lang='lat' dir='ltr'><strong>et</strong></span> <span class='ocrx_word' id='word_1_9' title='bbox 1263 256 1631 310; x_wconf 72' lang='grc' dir='ltr'><strong><em>Διδασκαλικὰ.</em></strong></span> <span class='ocrx_word' id='word_1_10' title='bbox 1668 264 1761 311; x_wconf 81' lang='lat' dir='ltr'><strong>Est</strong></span> <span class='ocrx_word' id='word_1_11' title='bbox 1784 265 1903 314; x_wconf 82' lang='lat' dir='ltr'><strong>item</strong></span> 
     </span>
     <span class='ocr_line' id='line_1_3' title="bbox 295 327 1905 407; baseline 0.001 -32"><span class='ocrx_word' id='word_1_12' title='bbox 295 330 385 387; x_wconf 86' lang='lat' dir='ltr'><strong>qui</strong></span> <span class='ocrx_word' id='word_1_13' title='bbox 410 330 681 376; x_wconf 65' lang='lat' dir='ltr'><strong>Historiae.</strong></span> <span class='ocrx_word' id='word_1_14' title='bbox 710 331 1007 376; x_wconf 60' lang='lat' dir='ltr'><strong>naturalt&#39;u</strong></span> <span class='ocrx_word' id='word_1_15' title='bbox 1046 334 1127 375; x_wconf 87' lang='lat' dir='ltr'><strong>est</strong></span> <span class='ocrx_word' id='word_1_16' title='bbox 1152 327 1501 389; x_wconf 66' lang='grc' dir='ltr'><strong><em>Παντοδαπῆς</em></strong></span> <span class='ocrx_word' id='word_1_17' title='bbox 1514 330 1785 407; x_wconf 63' lang='grc' dir='ltr'><em>ἱστορίας-ι</em></span> <span class='ocrx_word' id='word_1_18' title='bbox 1824 337 1905 379; x_wconf 80' lang='lat' dir='ltr'><strong>est</strong></span> 
     </span>
     <span class='ocr_line' id='line_1_4' title="bbox 298 393 1906 461; baseline 0.002 -19"><span class='ocrx_word' id='word_1_19' title='bbox 298 399 571 456; x_wconf 83' lang='lat' dir='ltr'><strong>praeterea</strong></span> <span class='ocrx_word' id='word_1_20' title='bbox 599 395 687 453; x_wconf 93' lang='lat' dir='ltr'><strong>qui</strong></span> <span class='ocrx_word' id='word_1_21' title='bbox 718 398 974 453; x_wconf 58' lang='lat' dir='ltr'><strong>Proteum·</strong></span> <span class='ocrx_word' id='word_1_22' title='bbox 1014 399 1097 442; x_wconf 88' lang='lat' dir='ltr'><strong>est</strong></span> <span class='ocrx_word' id='word_1_23' title='bbox 1125 396 1304 443; x_wconf 85' lang='lat' dir='ltr'><strong>itidem</strong></span> <span class='ocrx_word' id='word_1_24' title='bbox 1331 396 1416 455; x_wconf 89' lang='lat' dir='ltr'><strong>qui</strong></span> <span class='ocrx_word' id='word_1_25' title='bbox 1439 393 1787 461; x_wconf 65' lang='grc' dir='ltr'><strong><em>Πάγκαρπονς</em></strong></span> <span class='ocrx_word' id='word_1_26' title='bbox 1828 403 1906 446; x_wconf 85' lang='lat' dir='ltr'><strong>est</strong></span> 
     </span>
     <span class='ocr_line' id='line_1_5' title="bbox 301 457 1905 521; baseline 0.002 -13"><span class='ocrx_word' id='word_1_27' title='bbox 301 464 389 521; x_wconf 86' lang='lat' dir='ltr'><strong>qui</strong></span> <span class='ocrx_word' id='word_1_28' title='bbox 426 457 610 507; x_wconf 72' lang='grc' dir='ltr'><strong><em>Τόπωι</em></strong></span> <span class='ocrx_word' id='word_1_29' title='bbox 640 463 863 521; x_wconf 83' lang='lat' dir='ltr'><strong>scripsit.</strong></span> <span class='ocrx_word' id='word_1_30' title='bbox 934 467 982 509; x_wconf 91' lang='grc'><strong>9.</strong></span> <span class='ocrx_word' id='word_1_31' title='bbox 1021 464 1150 509; x_wconf 82' lang='lat' dir='ltr'><strong>Sunt</strong></span> <span class='ocrx_word' id='word_1_32' title='bbox 1180 464 1303 510; x_wconf 85' lang='lat' dir='ltr'><strong>item</strong></span> <span class='ocrx_word' id='word_1_33' title='bbox 1329 464 1481 509; x_wconf 85' lang='lat' dir='ltr'><strong>multi</strong></span> <span class='ocrx_word' id='word_1_34' title='bbox 1508 463 1593 521; x_wconf 85' lang='lat' dir='ltr'><strong>qui</strong></span> <span class='ocrx_word' id='word_1_35' title='bbox 1629 467 1905 513; x_wconf 64' lang='lat' dir='ltr'><strong>Coniecta-</strong></span> 
     </span>
     <span class='ocr_line' id='line_1_6' title="bbox 301 529 1906 591; baseline 0.002 -15"><span class='ocrx_word' id='word_1_36' title='bbox 301 546 432 583; x_wconf 75' lang='lat' dir='ltr'><strong>nm;</strong></span> <span class='ocrx_word' id='word_1_37' title='bbox 484 542 650 586; x_wconf 86' lang='lat' dir='ltr'><strong>neque</strong></span> <span class='ocrx_word' id='word_1_38' title='bbox 678 530 800 574; x_wconf 85' lang='lat' dir='ltr'><strong>item</strong></span> <span class='ocrx_word' id='word_1_39' title='bbox 827 543 931 575; x_wconf 89' lang='lat' dir='ltr'><strong>non</strong></span> <span class='ocrx_word' id='word_1_40' title='bbox 960 532 1098 591; x_wconf 86' lang='lat' dir='ltr'><strong>sunt,</strong></span> <span class='ocrx_word' id='word_1_41' title='bbox 1136 530 1222 589; x_wconf 87' lang='lat' dir='ltr'><strong>qui</strong></span> <span class='ocrx_word' id='word_1_42' title='bbox 1263 529 1457 576; x_wconf 86' lang='lat' dir='ltr'><strong>indices</strong></span> <span class='ocrx_word' id='word_1_43' title='bbox 1495 530 1643 576; x_wconf 87' lang='lat' dir='ltr'><strong>libris</strong></span> <span class='ocrx_word' id='word_1_44' title='bbox 1682 532 1790 579; x_wconf 90' lang='lat' dir='ltr'><strong>suis</strong></span> <span class='ocrx_word' id='word_1_45' title='bbox 1826 534 1906 579; x_wconf 78' lang='lat' dir='ltr'><strong>fe-</strong></span> 
     </span>
     <span class='ocr_line' id='line_1_7' title="bbox 303 594 1906 655; baseline 0.002 -13"><span class='ocrx_word' id='word_1_46' title='bbox 303 600 484 643; x_wconf 85' lang='lat' dir='ltr'><strong>cerunt</strong></span> <span class='ocrx_word' id='word_1_47' title='bbox 527 599 617 641; x_wconf 90' lang='lat' dir='ltr'><strong>aut</strong></span> <span class='ocrx_word' id='word_1_48' title='bbox 654 594 1019 655; x_wconf 63' lang='lat' dir='ltr'><strong>Epistol-erum</strong></span> <span class='ocrx_word' id='word_1_49' title='bbox 1057 598 1334 643; x_wconf 64' lang='lat' dir='ltr'><strong>moralium</strong></span> <span class='ocrx_word' id='word_1_50' title='bbox 1374 601 1462 642; x_wconf 88' lang='lat' dir='ltr'><strong>aut</strong></span> <span class='ocrx_word' id='word_1_51' title='bbox 1500 596 1906 655; x_wconf 55' lang='lat' dir='ltr'><strong>Epistolicarum</strong></span> 
     </span>
     <span class='ocr_line' id='line_1_8' title="bbox 301 662 1902 724; baseline 0.003 -17"><span class='ocrx_word' id='word_1_52' title='bbox 301 663 651 724; x_wconf 65' lang='lat' dir='ltr'><strong>quaestionum</strong></span> <span class='ocrx_word' id='word_1_53' title='bbox 671 666 758 709; x_wconf 87' lang='lat' dir='ltr'><strong>aut</strong></span> <span class='ocrx_word' id='word_1_54' title='bbox 771 663 1122 724; x_wconf 68' lang='lat' dir='ltr'><em>Confusarum</em></span> <span class='ocrx_word' id='word_1_55' title='bbox 1136 679 1159 724; x_wconf 87' lang='lat'><strong>‚·</strong></span> <span class='ocrx_word' id='word_1_56' title='bbox 1178 668 1228 709; x_wconf 83' lang='lat' dir='ltr'><strong>et</strong></span> <span class='ocrx_word' id='word_1_57' title='bbox 1252 662 1495 721; x_wconf 78' lang='lat' dir='ltr'><strong>quaedam</strong></span> <span class='ocrx_word' id='word_1_58' title='bbox 1520 664 1625 709; x_wconf 84' lang='lat' dir='ltr'><strong>alia</strong></span> <span class='ocrx_word' id='word_1_59' title='bbox 1647 663 1902 723; x_wconf 85' lang='lat' dir='ltr'><strong>inscripta</strong></span> 
     </span>
     <span class='ocr_line' id='line_1_9' title="bbox 300 729 1905 789; baseline -0.002 -13"><span class='ocrx_word' id='word_1_60' title='bbox 300 729 456 776; x_wconf 86' lang='lat' dir='ltr'><strong>nimis</strong></span> <span class='ocrx_word' id='word_1_61' title='bbox 478 729 678 787; x_wconf 87' lang='lat' dir='ltr'><strong>lepida,</strong></span> <span class='ocrx_word' id='word_1_62' title='bbox 708 729 998 787; x_wconf 87' lang='lat' dir='ltr'><strong>multasque</strong></span> <span class='ocrx_word' id='word_1_63' title='bbox 1028 743 1241 789; x_wconf 83' lang='lat' dir='ltr'><strong>prorsus</strong></span> <span class='ocrx_word' id='word_1_64' title='bbox 1262 730 1637 777; x_wconf 84' lang='lat' dir='ltr'><strong>concinnitates</strong></span> <span class='ocrx_word' id='word_1_65' title='bbox 1658 732 1905 777; x_wconf 78' lang='lat' dir='ltr'><strong>redolen-</strong></span> 
     </span>
     <span class='ocr_line' id='line_1_10' title="bbox 302 797 1905 856; baseline 0.002 -14"><span class='ocrx_word' id='word_1_66' title='bbox 302 797 390 842; x_wconf 86' lang='lat' dir='ltr'><strong>tia.</strong></span> <span class='ocrx_word' id='word_1_67' title='bbox 469 798 547 841; x_wconf 86' lang='lat'><strong>1⁰.</strong></span> <span class='ocrx_word' id='word_1_68' title='bbox 587 798 695 841; x_wconf 86' lang='lat' dir='ltr'><strong>Nos</strong></span> <span class='ocrx_word' id='word_1_69' title='bbox 727 810 880 853; x_wconf 87' lang='lat' dir='ltr'><strong>vero,</strong></span> <span class='ocrx_word' id='word_1_70' title='bbox 919 799 975 841; x_wconf 92' lang='lat' dir='ltr'><strong>ut</strong></span> <span class='ocrx_word' id='word_1_71' title='bbox 1007 799 1186 856; x_wconf 87' lang='lat' dir='ltr'><strong>captus</strong></span> <span class='ocrx_word' id='word_1_72' title='bbox 1216 800 1395 842; x_wconf 87' lang='lat' dir='ltr'><strong>noster</strong></span> <span class='ocrx_word' id='word_1_73' title='bbox 1416 800 1522 851; x_wconf 85' lang='lat' dir='ltr'><strong>est,</strong></span> <span class='ocrx_word' id='word_1_74' title='bbox 1566 797 1829 844; x_wconf 75' lang='lat' dir='ltr'>incuriose</span> <span class='ocrx_word' id='word_1_75' title='bbox 1852 800 1905 845; x_wconf 82' lang='lat' dir='ltr'><strong>et</strong></span> 
     </span>
     <span class='ocr_line' id='line_1_11' title="bbox 303 862 1904 922; baseline 0.002 -14"><span class='ocrx_word' id='word_1_76' title='bbox 303 862 622 909; x_wconf 75' lang='lat' dir='ltr'><strong>immeditate</strong></span> <span class='ocrx_word' id='word_1_77' title='bbox 661 876 720 908; x_wconf 86' lang='lat' dir='ltr'><strong>ae</strong></span> <span class='ocrx_word' id='word_1_78' title='bbox 754 876 914 922; x_wconf 83' lang='lat' dir='ltr'><strong>prope</strong></span> <span class='ocrx_word' id='word_1_79' title='bbox 950 863 1105 909; x_wconf 81' lang='lat' dir='ltr'><strong>etiam</strong></span> <span class='ocrx_word' id='word_1_80' title='bbox 1132 863 1421 909; x_wconf 76' lang='lat' dir='ltr'><strong>subrustice</strong></span> <span class='ocrx_word' id='word_1_81' title='bbox 1452 876 1515 909; x_wconf 85' lang='lat' dir='ltr'><strong>ex</strong></span> <span class='ocrx_word' id='word_1_82' title='bbox 1549 862 1661 921; x_wconf 89' lang='lat' dir='ltr'><strong>ipso</strong></span> <span class='ocrx_word' id='word_1_83' title='bbox 1694 865 1815 911; x_wconf 91' lang='lat' dir='ltr'><strong>loco</strong></span> <span class='ocrx_word' id='word_1_84' title='bbox 1842 879 1904 911; x_wconf 88' lang='lat' dir='ltr'><strong>ae</strong></span> 
     </span>
     <span class='ocr_line' id='line_1_12' title="bbox 306 928 1903 989; baseline 0.001 -14"><span class='ocrx_word' id='word_1_85' title='bbox 306 934 534 989; x_wconf 82' lang='lat' dir='ltr'><strong>tempore</strong></span> <span class='ocrx_word' id='word_1_86' title='bbox 561 928 885 975; x_wconf 82' lang='lat' dir='ltr'><strong>hibernarum</strong></span> <span class='ocrx_word' id='word_1_87' title='bbox 926 928 1225 988; x_wconf 76' lang='lat' dir='ltr'><strong>vigiliarum</strong></span> <span class='ocrx_word' id='word_1_88' title='bbox 1257 930 1460 975; x_wconf 66' lang='lat' dir='ltr'><strong>Atticas</strong></span> <span class='ocrx_word' id='word_1_89' title='bbox 1491 930 1672 976; x_wconf 78' lang='lat' dir='ltr'><strong>Noc-tes</strong></span> <span class='ocrx_word' id='word_1_90' title='bbox 1717 930 1903 977; x_wconf 86' lang='lat' dir='ltr'><strong>inscri-</strong></span> 
     </span>
     <span class='ocr_line' id='line_1_13' title="bbox 305 995 1901 1055; baseline 0.001 -13"><span class='ocrx_word' id='word_1_91' title='bbox 305 997 523 1055; x_wconf 73' lang='lat' dir='ltr'><strong>psimus3</strong></span> <span class='ocrx_word' id='word_1_92' title='bbox 565 996 802 1053; x_wconf 82' lang='lat' dir='ltr'><strong>tanquam</strong></span> <span class='ocrx_word' id='word_1_93' title='bbox 833 999 939 1042; x_wconf 90' lang='lat' dir='ltr'><strong>tum</strong></span> <span class='ocrx_word' id='word_1_94' title='bbox 970 996 1158 1043; x_wconf 80' lang='lat' dir='ltr'><strong>ceteris</strong></span> <span class='ocrx_word' id='word_1_95' title='bbox 1179 996 1415 1043; x_wconf 87' lang='lat' dir='ltr'><strong>omuibus</strong></span> <span class='ocrx_word' id='word_1_96' title='bbox 1439 995 1490 1043; x_wconf 87' lang='lat' dir='ltr'><strong>in</strong></span> <span class='ocrx_word' id='word_1_97' title='bbox 1514 996 1677 1055; x_wconf 86' lang='lat' dir='ltr'><strong>ipsius</strong></span> <span class='ocrx_word' id='word_1_98' title='bbox 1698 1012 1901 1055; x_wconf 80' lang='lat' dir='ltr'><strong>quoque</strong></span> 
     </span>
     <span class='ocr_line' id='line_1_14' title="bbox 307 1062 1902 1121; baseline 0.001 -12"><span class='ocrx_word' id='word_1_99' title='bbox 307 1062 668 1121; x_wconf 70' lang='lat' dir='ltr'><strong>inscriptionis</strong></span> <span class='ocrx_word' id='word_1_100' title='bbox 702 1063 850 1109; x_wconf 86' lang='lat' dir='ltr'><strong>laude</strong></span> <span class='ocrx_word' id='word_1_101' title='bbox 874 1062 1141 1119; x_wconf 82' lang='lat' dir='ltr'><strong>cedentes,</strong></span> <span class='ocrx_word' id='word_1_102' title='bbox 1172 1066 1411 1119; x_wconf 86' lang='lat' dir='ltr'><strong>quantum</strong></span> <span class='ocrx_word' id='word_1_103' title='bbox 1436 1064 1680 1109; x_wconf 84' lang='lat' dir='ltr'><strong>cessimus</strong></span> <span class='ocrx_word' id='word_1_104' title='bbox 1702 1064 1756 1111; x_wconf 88' lang='lat' dir='ltr'><strong>in</strong></span> <span class='ocrx_word' id='word_1_105' title='bbox 1778 1078 1902 1111; x_wconf 87' lang='lat' dir='ltr'><strong>cura</strong></span> 
     </span>
     <span class='ocr_line' id='line_1_15' title="bbox 304 1129 1901 1189; baseline 0 -13"><span class='ocrx_word' id='word_1_106' title='bbox 304 1134 356 1176; x_wconf 90' lang='lat' dir='ltr'><strong>et</strong></span> <span class='ocrx_word' id='word_1_107' title='bbox 378 1129 635 1189; x_wconf 86' lang='lat' dir='ltr'><strong>elegantia</strong></span> <span class='ocrx_word' id='word_1_108' title='bbox 656 1129 971 1189; x_wconf 71' lang='lat' dir='ltr'><strong>scriptionis.</strong></span> <span class='ocrx_word' id='word_1_109' title='bbox 1049 1132 1124 1175; x_wconf 87' lang='lat'><strong>11.</strong></span> <span class='ocrx_word' id='word_1_110' title='bbox 1166 1129 1267 1175; x_wconf 86' lang='lat' dir='ltr'><strong>Sed</strong></span> <span class='ocrx_word' id='word_1_111' title='bbox 1296 1143 1358 1174; x_wconf 89' lang='lat' dir='ltr'><strong>ne</strong></span> <span class='ocrx_word' id='word_1_112' title='bbox 1390 1130 1664 1175; x_wconf 85' lang='lat' dir='ltr'><strong>consilium</strong></span> <span class='ocrx_word' id='word_1_113' title='bbox 1696 1130 1901 1189; x_wconf 87' lang='lat' dir='ltr'><strong>quidem</strong></span> 
     </span>
     <span class='ocr_line' id='line_1_16' title="bbox 304 1194 1902 1256; baseline 0.001 -14"><span class='ocrx_word' id='word_1_114' title='bbox 304 1196 358 1242; x_wconf 91' lang='lat' dir='ltr'><strong>in</strong></span> <span class='ocrx_word' id='word_1_115' title='bbox 383 1196 723 1255; x_wconf 70' lang='lat' dir='ltr'><strong>excerpendis</strong></span> <span class='ocrx_word' id='word_1_116' title='bbox 752 1194 1093 1253; x_wconf 70' lang='lat' dir='ltr'><strong>notandisque</strong></span> <span class='ocrx_word' id='word_1_117' title='bbox 1114 1199 1269 1243; x_wconf 83' lang='lat' dir='ltr'><strong>rebus</strong></span> <span class='ocrx_word' id='word_1_118' title='bbox 1291 1194 1422 1241; x_wconf 86' lang='lat' dir='ltr'><strong>idem</strong></span> <span class='ocrx_word' id='word_1_119' title='bbox 1445 1196 1593 1255; x_wconf 80' lang='lat' dir='ltr'><strong>mihi,</strong></span> <span class='ocrx_word' id='word_1_120' title='bbox 1633 1199 1765 1255; x_wconf 87' lang='lat' dir='ltr'><strong>quod</strong></span> <span class='ocrx_word' id='word_1_121' title='bbox 1790 1198 1902 1256; x_wconf 88' lang='lat' dir='ltr'><strong>ple-</strong></span> 
     </span>
     <span class='ocr_line' id='line_1_17' title="bbox 302 1260 1902 1320; baseline 0.001 -11"><span class='ocrx_word' id='word_1_122' title='bbox 302 1263 474 1320; x_wconf 89' lang='lat' dir='ltr'><strong>risque</strong></span> <span class='ocrx_word' id='word_1_123' title='bbox 498 1264 622 1316; x_wconf 85' lang='lat' dir='ltr'><strong>illis,</strong></span> <span class='ocrx_word' id='word_1_124' title='bbox 648 1263 763 1309; x_wconf 81' lang='lat' dir='ltr'><strong>fuit.</strong></span> <span class='ocrx_word' id='word_1_125' title='bbox 833 1266 1061 1319; x_wconf 84' lang='lat' dir='ltr'><strong>Namque</strong></span> <span class='ocrx_word' id='word_1_126' title='bbox 1085 1260 1165 1307; x_wconf 89' lang='lat' dir='ltr'><strong>illi</strong></span> <span class='ocrx_word' id='word_1_127' title='bbox 1190 1276 1382 1316; x_wconf 88' lang='lat' dir='ltr'><strong>omnes,</strong></span> <span class='ocrx_word' id='word_1_128' title='bbox 1404 1265 1455 1308; x_wconf 84' lang='lat' dir='ltr'><strong>et</strong></span> <span class='ocrx_word' id='word_1_129' title='bbox 1476 1277 1653 1309; x_wconf 90' lang='lat' dir='ltr'><strong>eorum</strong></span> <span class='ocrx_word' id='word_1_130' title='bbox 1675 1264 1902 1311; x_wconf 84' lang='lat' dir='ltr'><strong>maxime</strong></span> 
     </span>
     <span class='ocr_line' id='line_1_18' title="bbox 306 1328 1902 1387; baseline -0.002 -12"><span class='ocrx_word' id='word_1_131' title='bbox 306 1330 682 1387; x_wconf 81' lang='lat' dir='ltr'><strong>Graeci,multa</strong></span> <span class='ocrx_word' id='word_1_132' title='bbox 700 1332 752 1375; x_wconf 87' lang='lat' dir='ltr'><strong>et</strong></span> <span class='ocrx_word' id='word_1_133' title='bbox 772 1330 916 1375; x_wconf 85' lang='lat' dir='ltr'><strong>varia</strong></span> <span class='ocrx_word' id='word_1_134' title='bbox 939 1330 1250 1383; x_wconf 74' lang='lat' dir='ltr'><strong>lectitantes,</strong></span> <span class='ocrx_word' id='word_1_135' title='bbox 1269 1328 1320 1375; x_wconf 89' lang='lat' dir='ltr'><strong>in</strong></span> <span class='ocrx_word' id='word_1_136' title='bbox 1344 1342 1470 1387; x_wconf 86' lang='lat' dir='ltr'><strong>quas</strong></span> <span class='ocrx_word' id='word_1_137' title='bbox 1492 1344 1574 1375; x_wconf 87' lang='lat' dir='ltr'><strong>res</strong></span> <span class='ocrx_word' id='word_1_138' title='bbox 1596 1344 1795 1387; x_wconf 88' lang='lat' dir='ltr'><strong>cunque</strong></span> <span class='ocrx_word' id='word_1_139' title='bbox 1818 1330 1902 1376; x_wconf 79' lang='lat' dir='ltr'><strong>in.</strong></span> 
     </span>
     <span class='ocr_line' id='line_1_19' title="bbox 303 1394 1902 1456; baseline 0.001 -15"><span class='ocrx_word' id='word_1_140' title='bbox 303 1395 550 1451; x_wconf 75' lang='lat' dir='ltr'><strong>riderent,</strong></span> <span class='ocrx_word' id='word_1_141' title='bbox 571 1396 705 1452; x_wconf 86' lang='lat' dir='ltr'><strong>alba,</strong></span> <span class='ocrx_word' id='word_1_142' title='bbox 728 1398 786 1443; x_wconf 88' lang='lat' dir='ltr'><strong>ut</strong></span> <span class='ocrx_word' id='word_1_143' title='bbox 807 1395 1010 1456; x_wconf 87' lang='lat' dir='ltr'><strong>dicitur,</strong></span> <span class='ocrx_word' id='word_1_144' title='bbox 1027 1396 1167 1441; x_wconf 86' lang='lat' dir='ltr'><strong>linea</strong></span> <span class='ocrx_word' id='word_1_145' title='bbox 1187 1394 1301 1441; x_wconf 83' lang='lat' dir='ltr'><strong>siue</strong></span> <span class='ocrx_word' id='word_1_146' title='bbox 1324 1409 1444 1441; x_wconf 89' lang='lat' dir='ltr'><strong>cura</strong></span> <span class='ocrx_word' id='word_1_147' title='bbox 1462 1396 1791 1455; x_wconf 75' lang='lat' dir='ltr'><strong>discriminis,</strong></span> <span class='ocrx_word' id='word_1_148' title='bbox 1816 1411 1902 1443; x_wconf 90' lang='lat' dir='ltr'><strong>so-</strong></span> 
     </span>
     <span class='ocr_line' id='line_1_20' title="bbox 301 1462 1901 1521; baseline 0.001 -12"><span class='ocrx_word' id='word_1_149' title='bbox 301 1462 403 1509; x_wconf 89' lang='lat' dir='ltr'><strong>lam</strong></span> <span class='ocrx_word' id='word_1_150' title='bbox 426 1463 624 1521; x_wconf 82' lang='lat' dir='ltr'><strong>copiam</strong></span> <span class='ocrx_word' id='word_1_151' title='bbox 643 1462 825 1508; x_wconf 86' lang='lat' dir='ltr'><strong>sectati</strong></span> <span class='ocrx_word' id='word_1_152' title='bbox 851 1464 1246 1510; x_wconf 82' lang='lat' dir='ltr'><strong>converrebaut:</strong></span> <span class='ocrx_word' id='word_1_153' title='bbox 1283 1462 1463 1520; x_wconf 86' lang='lat' dir='ltr'><strong>quibus</strong></span> <span class='ocrx_word' id='word_1_154' title='bbox 1486 1463 1539 1508; x_wconf 89' lang='lat' dir='ltr'><strong>in</strong></span> <span class='ocrx_word' id='word_1_155' title='bbox 1556 1462 1787 1521; x_wconf 78' lang='lat' dir='ltr'><strong>legendis</strong></span> <span class='ocrx_word' id='word_1_156' title='bbox 1809 1477 1901 1511; x_wconf 83' lang='lat' dir='ltr'><strong>an·</strong></span> 
     </span>
     <span class='ocr_line' id='line_1_21' title="bbox 302 1528 1900 1588; baseline 0.002 -14"><span class='ocrx_word' id='word_1_157' title='bbox 302 1532 354 1576; x_wconf 70' lang='lat' dir='ltr'><strong>te</strong></span> <span class='ocrx_word' id='word_1_158' title='bbox 387 1532 586 1576; x_wconf 87' lang='lat' dir='ltr'><strong>animus</strong></span> <span class='ocrx_word' id='word_1_159' title='bbox 617 1529 765 1577; x_wconf 88' lang='lat' dir='ltr'><strong>senio</strong></span> <span class='ocrx_word' id='word_1_160' title='bbox 798 1542 857 1575; x_wconf 82' lang='lat' dir='ltr'><strong>ae</strong></span> <span class='ocrx_word' id='word_1_161' title='bbox 887 1529 1058 1575; x_wconf 82' lang='lat' dir='ltr'><strong>taedio</strong></span> <span class='ocrx_word' id='word_1_162' title='bbox 1091 1528 1382 1588; x_wconf 77' lang='lat' dir='ltr'><strong>languebit,</strong></span> <span class='ocrx_word' id='word_1_163' title='bbox 1419 1542 1565 1588; x_wconf 87' lang='lat' dir='ltr'><strong>quam</strong></span> <span class='ocrx_word' id='word_1_164' title='bbox 1587 1544 1742 1578; x_wconf 85' lang='lat' dir='ltr'><strong>unum</strong></span> <span class='ocrx_word' id='word_1_165' title='bbox 1766 1528 1900 1577; x_wconf 85' lang='lat' dir='ltr'><strong>alte-</strong></span> 
     </span>
     <span class='ocr_line' id='line_1_22' title="bbox 301 1595 1900 1656; baseline 0.003 -14"><span class='ocrx_word' id='word_1_166' title='bbox 301 1610 476 1643; x_wconf 85' lang='lat' dir='ltr'><strong>rumve</strong></span> <span class='ocrx_word' id='word_1_167' title='bbox 497 1595 767 1655; x_wconf 89' lang='lat' dir='ltr'><strong>repererit,</strong></span> <span class='ocrx_word' id='word_1_168' title='bbox 789 1596 923 1652; x_wconf 87' lang='lat' dir='ltr'><strong>quod</strong></span> <span class='ocrx_word' id='word_1_169' title='bbox 943 1595 1012 1642; x_wconf 86' lang='lat' dir='ltr'><strong>sit</strong></span> <span class='ocrx_word' id='word_1_170' title='bbox 1030 1599 1121 1643; x_wconf 86' lang='lat' dir='ltr'><strong>aut</strong></span> <span class='ocrx_word' id='word_1_171' title='bbox 1141 1596 1397 1654; x_wconf 88' lang='lat' dir='ltr'><strong>voluptati</strong></span> <span class='ocrx_word' id='word_1_172' title='bbox 1418 1597 1609 1656; x_wconf 79' lang='lat' dir='ltr'><strong>legere,</strong></span> <span class='ocrx_word' id='word_1_173' title='bbox 1626 1600 1714 1645; x_wconf 84' lang='lat' dir='ltr'><strong>aut</strong></span> <span class='ocrx_word' id='word_1_174' title='bbox 1734 1598 1900 1646; x_wconf 88' lang='lat' dir='ltr'><strong>cultui</strong></span> 
     </span>
     <span class='ocr_line' id='line_1_23' title="bbox 301 1661 1899 1724; baseline 0.003 -16"><span class='ocrx_word' id='word_1_175' title='bbox 301 1662 522 1720; x_wconf 84' lang='lat' dir='ltr'><strong>legisse,</strong></span> <span class='ocrx_word' id='word_1_176' title='bbox 557 1665 646 1707; x_wconf 87' lang='lat' dir='ltr'><strong>aut</strong></span> <span class='ocrx_word' id='word_1_177' title='bbox 665 1661 782 1708; x_wconf 84' lang='lat' dir='ltr'><strong>usui</strong></span> <span class='ocrx_word' id='word_1_178' title='bbox 802 1662 1115 1719; x_wconf 85' lang='lat' dir='ltr'><strong>meminisse,</strong></span> <span class='ocrx_word' id='word_1_179' title='bbox 1188 1663 1265 1710; x_wconf 83' lang='lat'><strong>12.</strong></span> <span class='ocrx_word' id='word_1_180' title='bbox 1304 1663 1415 1723; x_wconf 79' lang='lat' dir='ltr'><strong>Ego</strong></span> <span class='ocrx_word' id='word_1_181' title='bbox 1440 1677 1591 1724; x_wconf 83' lang='lat' dir='ltr'><strong>vero,</strong></span> <span class='ocrx_word' id='word_1_182' title='bbox 1632 1678 1741 1710; x_wconf 90' lang='lat' dir='ltr'><strong>cum</strong></span> <span class='ocrx_word' id='word_1_183' title='bbox 1766 1665 1899 1712; x_wconf 86' lang='lat' dir='ltr'><strong>illud</strong></span> 
     </span>
     <span class='ocr_line' id='line_1_24' title="bbox 300 1727 1898 1788; baseline 0.001 -13"><span class='ocrx_word' id='word_1_184' title='bbox 300 1727 554 1776; x_wconf 78' lang='lat' dir='ltr'><strong>Heracliti</strong></span> <span class='ocrx_word' id='word_1_185' title='bbox 575 1727 803 1788; x_wconf 86' lang='lat' dir='ltr'><strong>Ephesii,</strong></span> <span class='ocrx_word' id='word_1_186' title='bbox 832 1729 930 1776; x_wconf 87' lang='lat' dir='ltr'><strong>viri</strong></span> <span class='ocrx_word' id='word_1_187' title='bbox 955 1744 1146 1777; x_wconf 83' lang='lat' dir='ltr'><strong>summe</strong></span> <span class='ocrx_word' id='word_1_188' title='bbox 1166 1729 1377 1786; x_wconf 82' lang='lat' dir='ltr'><strong>nobilis,</strong></span> <span class='ocrx_word' id='word_1_189' title='bbox 1407 1733 1615 1777; x_wconf 84' lang='lat' dir='ltr'><strong>verbum</strong></span> <span class='ocrx_word' id='word_1_190' title='bbox 1638 1731 1778 1777; x_wconf 88' lang='lat' dir='ltr'><strong>cordi</strong></span> <span class='ocrx_word' id='word_1_191' title='bbox 1802 1731 1898 1777; x_wconf 82' lang='lat' dir='ltr'><strong>ha-</strong></span> 
     </span>
     <span class='ocr_line' id='line_1_25' title="bbox 299 1791 1899 1858; baseline 0 -16"><span class='ocrx_word' id='word_1_192' title='bbox 299 1797 488 1853; x_wconf 87' lang='lat' dir='ltr'><strong>berem,</strong></span> <span class='ocrx_word' id='word_1_193' title='bbox 513 1795 647 1854; x_wconf 86' lang='lat' dir='ltr'><strong>quod</strong></span> <span class='ocrx_word' id='word_1_194' title='bbox 669 1797 901 1853; x_wconf 76' lang='lat' dir='ltr'><strong>profecto</strong></span> <span class='ocrx_word' id='word_1_195' title='bbox 925 1796 997 1842; x_wconf 88' lang='lat' dir='ltr'><strong>ita</strong></span> <span class='ocrx_word' id='word_1_196' title='bbox 1025 1801 1130 1844; x_wconf 88' lang='lat' dir='ltr'><strong>est:</strong></span> <span class='ocrx_word' id='word_1_197' title='bbox 1168 1793 1497 1858; x_wconf 73' lang='grc' dir='ltr'><strong><em>Πολυμιιθίη</em></strong></span> <span class='ocrx_word' id='word_1_198' title='bbox 1519 1791 1639 1840; x_wconf 74' lang='grc' dir='ltr'><strong>νόον</strong></span> <span class='ocrx_word' id='word_1_199' title='bbox 1659 1792 1719 1840; x_wconf 69' lang='lat' dir='ltr'><strong>oi&#39;r</strong></span> <span class='ocrx_word' id='word_1_200' title='bbox 1744 1791 1899 1842; x_wconf 72' lang='grc' dir='ltr'><em>διδά-</em></span> 
     </span>
     <span class='ocr_line' id='line_1_26' title="bbox 299 1861 1899 1922; baseline 0.003 -16"><span class='ocrx_word' id='word_1_201' title='bbox 299 1876 429 1917; x_wconf 75' lang='grc' dir='ltr'><strong><em>σκει,</em></strong></span> <span class='ocrx_word' id='word_1_202' title='bbox 470 1864 583 1922; x_wconf 85' lang='lat' dir='ltr'><strong>ipse</strong></span> <span class='ocrx_word' id='word_1_203' title='bbox 612 1861 813 1922; x_wconf 89' lang='lat' dir='ltr'><strong>quidem</strong></span> <span class='ocrx_word' id='word_1_204' title='bbox 849 1864 1119 1910; x_wconf 86' lang='lat' dir='ltr'><strong>volvendis</strong></span> <span class='ocrx_word' id='word_1_205' title='bbox 1149 1862 1574 1921; x_wconf 77' lang='lat' dir='ltr'><strong>transeundisque</strong></span> <span class='ocrx_word' id='word_1_206' title='bbox 1602 1864 1781 1909; x_wconf 82' lang='lat' dir='ltr'><strong>multis</strong></span> <span class='ocrx_word' id='word_1_207' title='bbox 1809 1864 1899 1910; x_wconf 84' lang='lat' dir='ltr'><strong>ad-</strong></span> 
     </span>
     <span class='ocr_line' id='line_1_27' title="bbox 297 1929 1897 1989; baseline -0.003 -13"><span class='ocrx_word' id='word_1_208' title='bbox 297 1931 500 1976; x_wconf 87' lang='lat' dir='ltr'><strong>modum</strong></span> <span class='ocrx_word' id='word_1_209' title='bbox 530 1929 907 1987; x_wconf 85' lang='lat' dir='ltr'><strong>voluminibus,</strong></span> <span class='ocrx_word' id='word_1_210' title='bbox 948 1944 1038 1989; x_wconf 91' lang='lat' dir='ltr'><strong>per</strong></span> <span class='ocrx_word' id='word_1_211' title='bbox 1057 1931 1230 1978; x_wconf 84' lang='lat' dir='ltr'><strong>omnia</strong></span> <span class='ocrx_word' id='word_1_212' title='bbox 1250 1943 1447 1989; x_wconf 83' lang='lat' dir='ltr'><strong>semper</strong></span> <span class='ocrx_word' id='word_1_213' title='bbox 1467 1931 1792 1988; x_wconf 83' lang='lat' dir='ltr'><strong>negotiorum</strong></span> <span class='ocrx_word' id='word_1_214' title='bbox 1813 1931 1897 1977; x_wconf 82' lang='lat' dir='ltr'><strong>in-</strong></span> 
     </span>
     <span class='ocr_line' id='line_1_28' title="bbox 297 1995 1898 2058; baseline 0.001 -16"><span class='ocrx_word' id='word_1_215' title='bbox 297 1997 543 2055; x_wconf 83' lang='lat' dir='ltr'><strong>tervalla,</strong></span> <span class='ocrx_word' id='word_1_216' title='bbox 581 1997 637 2044; x_wconf 87' lang='lat' dir='ltr'><strong>in</strong></span> <span class='ocrx_word' id='word_1_217' title='bbox 657 1997 839 2058; x_wconf 83' lang='lat' dir='ltr'><strong>quibus</strong></span> <span class='ocrx_word' id='word_1_218' title='bbox 862 1997 1025 2043; x_wconf 83' lang='lat' dir='ltr'><strong>furari</strong></span> <span class='ocrx_word' id='word_1_219' title='bbox 1049 1998 1212 2044; x_wconf 90' lang='lat' dir='ltr'><strong>otium</strong></span> <span class='ocrx_word' id='word_1_220' title='bbox 1233 1995 1407 2056; x_wconf 86' lang='lat' dir='ltr'><strong>potui,</strong></span> <span class='ocrx_word' id='word_1_221' title='bbox 1442 1997 1703 2043; x_wconf 82' lang='lat' dir='ltr'><strong>exercitus</strong></span> <span class='ocrx_word' id='word_1_222' title='bbox 1726 1998 1898 2044; x_wconf 82' lang='lat' dir='ltr'><strong>defes-</strong></span> 
     </span>
     <span class='ocr_line' id='line_1_29' title="bbox 298 2062 1896 2122; baseline 0.003 -15"><span class='ocrx_word' id='word_1_223' title='bbox 298 2077 485 2120; x_wconf 77' lang='lat' dir='ltr'><strong>susque</strong></span> <span class='ocrx_word' id='word_1_224' title='bbox 511 2077 644 2111; x_wconf 83' lang='lat' dir='ltr'><strong>sum:</strong></span> <span class='ocrx_word' id='word_1_225' title='bbox 686 2064 776 2110; x_wconf 90' lang='lat' dir='ltr'><strong>sed</strong></span> <span class='ocrx_word' id='word_1_226' title='bbox 804 2064 1006 2110; x_wconf 85' lang='lat' dir='ltr'><strong>modica</strong></span> <span class='ocrx_word' id='word_1_227' title='bbox 1027 2078 1090 2110; x_wconf 86' lang='lat' dir='ltr'><strong>ex</strong></span> <span class='ocrx_word' id='word_1_228' title='bbox 1116 2064 1197 2122; x_wconf 91' lang='lat' dir='ltr'><strong>iis,</strong></span> <span class='ocrx_word' id='word_1_229' title='bbox 1228 2076 1385 2120; x_wconf 82' lang='lat' dir='ltr'><strong>eaque</strong></span> <span class='ocrx_word' id='word_1_230' title='bbox 1407 2062 1521 2108; x_wconf 86' lang='lat' dir='ltr'><strong>sola</strong></span> <span class='ocrx_word' id='word_1_231' title='bbox 1539 2065 1731 2122; x_wconf 77' lang='lat' dir='ltr'><strong>accepi.</strong></span> <span class='ocrx_word' id='word_1_232' title='bbox 1764 2077 1896 2121; x_wconf 82' lang='lat' dir='ltr'><strong>quae</strong></span> 
     </span>
     <span class='ocr_line' id='line_1_30' title="bbox 297 2125 1896 2190; baseline 0.003 -14"><span class='ocrx_word' id='word_1_233' title='bbox 297 2134 386 2176; x_wconf 91' lang='lat' dir='ltr'><strong>aut</strong></span> <span class='ocrx_word' id='word_1_234' title='bbox 416 2130 628 2188; x_wconf 84' lang='lat' dir='ltr'><strong>ingenia</strong></span> <span class='ocrx_word' id='word_1_235' title='bbox 646 2133 846 2190; x_wconf 84' lang='lat' dir='ltr'><strong>promta</strong></span> <span class='ocrx_word' id='word_1_236' title='bbox 867 2130 1211 2190; x_wconf 77' lang='lat' dir='ltr'><strong>expeditaque</strong></span> <span class='ocrx_word' id='word_1_237' title='bbox 1232 2131 1293 2176; x_wconf 85' lang='lat' dir='ltr'><strong>ad</strong></span> <span class='ocrx_word' id='word_1_238' title='bbox 1313 2125 1562 2177; x_wconf 73' lang='lat' dir='ltr'><strong>honestae</strong></span> <span class='ocrx_word' id='word_1_239' title='bbox 1582 2130 1896 2180; x_wconf 79' lang='lat' dir='ltr'><strong>eruditionis</strong></span> 
     </span>
     <span class='ocr_line' id='line_1_31' title="bbox 296 2195 1892 2256; baseline 0 -14"><span class='ocrx_word' id='word_1_240' title='bbox 296 2196 588 2256; x_wconf 82' lang='lat' dir='ltr'><strong>cupidinem</strong></span> <span class='ocrx_word' id='word_1_241' title='bbox 627 2197 932 2254; x_wconf 87' lang='lat' dir='ltr'><strong>utiliumque</strong></span> <span class='ocrx_word' id='word_1_242' title='bbox 969 2199 1155 2244; x_wconf 87' lang='lat' dir='ltr'><strong>artium</strong></span> <span class='ocrx_word' id='word_1_243' title='bbox 1204 2195 1692 2255; x_wconf 85' lang='lat' dir='ltr'><strong>contemplationem</strong></span> <span class='ocrx_word' id='word_1_244' title='bbox 1732 2195 1892 2242; x_wconf 79' lang='lat' dir='ltr'><strong>celeri</strong></span> 
     </span>
     <span class='ocr_line' id='line_1_32' title="bbox 294 2261 1895 2323; baseline -0.002 -16"><span class='ocrx_word' id='word_1_245' title='bbox 294 2263 539 2320; x_wconf 78' lang='lat' dir='ltr'><strong>facilique</strong></span> <span class='ocrx_word' id='word_1_246' title='bbox 562 2263 864 2321; x_wconf 88' lang='lat' dir='ltr'><strong>compendio</strong></span> <span class='ocrx_word' id='word_1_247' title='bbox 887 2264 1149 2323; x_wconf 85' lang='lat' dir='ltr'><strong>ducerent,</strong></span> <span class='ocrx_word' id='word_1_248' title='bbox 1184 2266 1272 2310; x_wconf 84' lang='lat' dir='ltr'><strong>aut</strong></span> <span class='ocrx_word' id='word_1_249' title='bbox 1292 2262 1525 2309; x_wconf 80' lang='lat' dir='ltr'><strong>homines</strong></span> <span class='ocrx_word' id='word_1_250' title='bbox 1548 2261 1668 2310; x_wconf 87' lang='lat' dir='ltr'><strong>aliis</strong></span> <span class='ocrx_word' id='word_1_251' title='bbox 1690 2263 1789 2308; x_wconf 85' lang='lat' dir='ltr'><strong>iam</strong></span> <span class='ocrx_word' id='word_1_252' title='bbox 1814 2263 1895 2310; x_wconf 87' lang='lat' dir='ltr'><strong>vi..</strong></span> 
     </span>
     <span class='ocr_line' id='line_1_33' title="bbox 295 2330 1889 2388; baseline 0 -14"><span class='ocrx_word' id='word_1_253' title='bbox 295 2333 378 2375; x_wconf 85' lang='lat' dir='ltr'><strong>tae</strong></span> <span class='ocrx_word' id='word_1_254' title='bbox 397 2330 623 2388; x_wconf 87' lang='lat' dir='ltr'><strong>negotiis</strong></span> <span class='ocrx_word' id='word_1_255' title='bbox 645 2331 923 2388; x_wconf 82' lang='lat' dir='ltr'><strong>occupatos</strong></span> <span class='ocrx_word' id='word_1_256' title='bbox 951 2343 979 2374; x_wconf 87' lang='lat' dir='ltr'><strong>a</strong></span> <span class='ocrx_word' id='word_1_257' title='bbox 997 2330 1135 2388; x_wconf 83' lang='lat' dir='ltr'><strong>turpi</strong></span> <span class='ocrx_word' id='word_1_258' title='bbox 1158 2334 1295 2376; x_wconf 82' lang='lat' dir='ltr'><strong>certe</strong></span> <span class='ocrx_word' id='word_1_259' title='bbox 1316 2330 1607 2388; x_wconf 76' lang='lat' dir='ltr'><strong>agrestique</strong></span> <span class='ocrx_word' id='word_1_260' title='bbox 1626 2343 1795 2375; x_wconf 87' lang='lat' dir='ltr'><strong>rerum</strong></span> <span class='ocrx_word' id='word_1_261' title='bbox 1814 2334 1889 2375; x_wconf 77' lang='lat' dir='ltr'><strong>at·</strong></span> 
     </span>
     <span class='ocr_line' id='line_1_34' title="bbox 295 2396 1896 2454; baseline -0.001 -13"><span class='ocrx_word' id='word_1_262' title='bbox 295 2409 392 2453; x_wconf 87' lang='lat' dir='ltr'><strong>que</strong></span> <span class='ocrx_word' id='word_1_263' title='bbox 424 2398 691 2443; x_wconf 87' lang='lat' dir='ltr'><strong>verborum</strong></span> <span class='ocrx_word' id='word_1_264' title='bbox 724 2396 984 2454; x_wconf 81' lang='lat' dir='ltr'><strong>imperitia</strong></span> <span class='ocrx_word' id='word_1_265' title='bbox 1013 2397 1349 2444; x_wconf 80' lang='lat' dir='ltr'><strong>vindicarent.</strong></span> <span class='ocrx_word' id='word_1_266' title='bbox 1434 2399 1510 2442; x_wconf 84' lang='grc'><strong>13.</strong></span> <span class='ocrx_word' id='word_1_267' title='bbox 1558 2397 1703 2450; x_wconf 73' lang='lat' dir='ltr'><strong>Quae</strong></span> <span class='ocrx_word' id='word_1_268' title='bbox 1741 2399 1896 2442; x_wconf 87' lang='lat' dir='ltr'><strong>erunt</strong></span> 
     </span>
     <span class='ocr_line' id='line_1_35' title="bbox 295 2462 1894 2522; baseline -0.001 -14"><span class='ocrx_word' id='word_1_269' title='bbox 295 2467 470 2508; x_wconf 76' lang='lat' dir='ltr'><strong>autem</strong></span> <span class='ocrx_word' id='word_1_270' title='bbox 491 2462 543 2509; x_wconf 88' lang='lat' dir='ltr'><strong>in</strong></span> <span class='ocrx_word' id='word_1_271' title='bbox 561 2463 644 2509; x_wconf 86' lang='lat' dir='ltr'><strong>his</strong></span> <span class='ocrx_word' id='word_1_272' title='bbox 664 2463 1044 2510; x_wconf 84' lang='lat' dir='ltr'><strong>commentariis</strong></span> <span class='ocrx_word' id='word_1_273' title='bbox 1065 2477 1229 2522; x_wconf 86' lang='lat' dir='ltr'><strong>panca</strong></span> <span class='ocrx_word' id='word_1_274' title='bbox 1248 2463 1491 2520; x_wconf 84' lang='lat' dir='ltr'><strong>quaedam</strong></span> <span class='ocrx_word' id='word_1_275' title='bbox 1514 2463 1819 2520; x_wconf 84' lang='lat' dir='ltr'><strong>scrupulosa</strong></span> <span class='ocrx_word' id='word_1_276' title='bbox 1840 2466 1894 2508; x_wconf 89' lang='lat' dir='ltr'><strong>ct</strong></span> 
     </span>
     <span class='ocr_line' id='line_1_36' title="bbox 296 2529 1892 2589; baseline 0 -14"><span class='ocrx_word' id='word_1_277' title='bbox 296 2529 470 2589; x_wconf 85' lang='lat' dir='ltr'><strong>anxia,</strong></span> <span class='ocrx_word' id='word_1_278' title='bbox 485 2530 569 2575; x_wconf 80' lang='lat' dir='ltr'><strong>vel</strong></span> <span class='ocrx_word' id='word_1_279' title='bbox 593 2543 658 2576; x_wconf 83' lang='lat' dir='ltr'><strong>ex</strong></span> <span class='ocrx_word' id='word_1_280' title='bbox 683 2529 1031 2589; x_wconf 80' lang='lat' dir='ltr'><strong>grammatica,</strong></span> <span class='ocrx_word' id='word_1_281' title='bbox 1047 2530 1128 2575; x_wconf 85' lang='lat' dir='ltr'><strong>vel</strong></span> <span class='ocrx_word' id='word_1_282' title='bbox 1152 2544 1215 2576; x_wconf 86' lang='lat' dir='ltr'><strong>ex</strong></span> <span class='ocrx_word' id='word_1_283' title='bbox 1240 2529 1529 2582; x_wconf 83' lang='lat' dir='ltr'><strong>dialectiea,</strong></span> <span class='ocrx_word' id='word_1_284' title='bbox 1544 2530 1630 2575; x_wconf 85' lang='lat' dir='ltr'><strong>vel</strong></span> <span class='ocrx_word' id='word_1_285' title='bbox 1646 2532 1799 2575; x_wconf 80' lang='lat' dir='ltr'><strong>etiam</strong></span> <span class='ocrx_word' id='word_1_286' title='bbox 1822 2542 1892 2575; x_wconf 77' lang='lat' dir='ltr'><strong>cx</strong></span> 
     </span>
     <span class='ocr_line' id='line_1_37' title="bbox 294 2595 1896 2654; baseline -0.001 -14"><span class='ocrx_word' id='word_1_287' title='bbox 294 2595 595 2654; x_wconf 77' lang='lat' dir='ltr'><strong>geometria,</strong></span> <span class='ocrx_word' id='word_1_288' title='bbox 628 2609 857 2652; x_wconf 86' lang='lat' dir='ltr'><strong>quaeque</strong></span> <span class='ocrx_word' id='word_1_289' title='bbox 879 2599 1029 2641; x_wconf 84' lang='lat' dir='ltr'><strong>erunt</strong></span> <span class='ocrx_word' id='word_1_290' title='bbox 1051 2595 1170 2641; x_wconf 85' lang='lat' dir='ltr'><strong>item</strong></span> <span class='ocrx_word' id='word_1_291' title='bbox 1194 2595 1414 2654; x_wconf 84' lang='lat' dir='ltr'><strong>paucula</strong></span> <span class='ocrx_word' id='word_1_292' title='bbox 1433 2596 1717 2641; x_wconf 87' lang='lat' dir='ltr'><strong>remotiora</strong></span> <span class='ocrx_word' id='word_1_293' title='bbox 1738 2607 1896 2652; x_wconf 84' lang='lat' dir='ltr'><strong>super</strong></span> 
     </span>
     <span class='ocr_line' id='line_1_38' title="bbox 297 2659 1894 2724; baseline 0.001 -20"><span class='ocrx_word' id='word_1_294' title='bbox 297 2659 515 2718; x_wconf 76' lang='lat' dir='ltr'><strong>augurio</strong></span> <span class='ocrx_word' id='word_1_295' title='bbox 537 2660 651 2708; x_wconf 88' lang='lat' dir='ltr'><strong>iure</strong></span> <span class='ocrx_word' id='word_1_296' title='bbox 672 2664 724 2708; x_wconf 84' lang='lat' dir='ltr'><strong>et</strong></span> <span class='ocrx_word' id='word_1_297' title='bbox 743 2661 1032 2720; x_wconf 79' lang='lat' dir='ltr'><strong>pontificio,</strong></span> <span class='ocrx_word' id='word_1_298' title='bbox 1053 2674 1158 2709; x_wconf 86' lang='lat' dir='ltr'><strong>non</strong></span> <span class='ocrx_word' id='word_1_299' title='bbox 1180 2664 1387 2721; x_wconf 88' lang='lat' dir='ltr'><strong>oportet</strong></span> <span class='ocrx_word' id='word_1_300' title='bbox 1407 2675 1470 2709; x_wconf 82' lang='lat' dir='ltr'><strong>ea</strong></span> <span class='ocrx_word' id='word_1_301' title='bbox 1490 2664 1753 2724; x_wconf 79' lang='lat' dir='ltr'><strong>defugere,</strong></span> <span class='ocrx_word' id='word_1_302' title='bbox 1768 2673 1894 2718; x_wconf 85' lang='lat' dir='ltr'><strong>qua·</strong></span> 
     </span>
    </p>
   </div>
  </div>
 </body>
</html>
