2134 3091
715 207 986 288 121k.11.
1058 243 1235 286 CAP.
1282 243 1359 286 18.
1768 237 1833 288 55

233 359 406 418 longa,
436 363 504 416 et,
539 371 602 403 ne
619 358 814 418 mulus,
843 359 1021 418 quibus
1041 358 1095 404 ἐκ
1116 359 1287 404 verbis
1306 371 1399 403 eae
1415 360 1623 416 primae
1644 359 1833 405 literae

230 434 368 486 sunt,
389 439 524 486 quae
544 429 597 471 ἐτι
625 438 650 472 s
667 429 858 484 apien
873 431 933 470 te
963 431 1120 484 utque
1127 426 1176 486 f
1178 439 1204 470 e
1216 425 1237 468 ἱ
1244 427 1266 469 ι’
1273 439 1362 484 ce,
1384 427 1639 482 producte
1658 428 1833 472 dicun-

233 499 349 538 tur:
385 495 438 537 in
459 494 650 539 ceter-2⁸8
685 506 811 539 vero
841 493 1065 538 ommibus
1107 493 1351 538 breviter.
1424 492 1557 538 Item
1595 507 1765 552 comp
1778 507 1835 538 o-

231 561 391 616 suit,
429 561 796 619 consuevit,
833 562 1259 619 concrepuit,
1300 560 1617 620 confecit.
1702 564 1835 606 Con-

230 625 346 673 sule
371 629 685 687 veritatem,
724 625 1103 686 reprehendet:
1139 627 1290 688 refer
1320 629 1395 672 ad
1430 638 1609 684 aurea,
1634 627 1837 686 proba-

233 694 374 739 bunt.
445 695 676 751 Quaere,
694 708 791 740 cur
809 690 932 740 ita?
1003 695 1072 742 Se
1097 695 1268 740 dicent
1294 697 1488 740 iuvari.
1566 692 1842 752 Voluptati

231 765 408 806 autem
437 765 644 807 aurium
675 764 998 820 morigerari
1019 761 1175 807 debet
1200 765 1393 808 oratio.
1466 763 1512 807 3.
1550 761 1837 808 Manifesta

230 827 438 885 quidem
456 827 596 874 ratio
615 828 892 874 suavitatis
913 830 993 874 est
1013 829 1065 874 in
1091 827 1171 873 his
1194 829 1429 887 vocibus,
1464 828 1525 874 de
1546 828 1727 886 quibus
1750 829 1837 873 ci-

231 907 350 940 cero
370 893 579 940 locutus
600 898 692 941 est.
733 895 834 940 Sed
854 893 972 950 quid
993 893 1220 940 dicemus
1236 894 1297 940 de
1312 895 1703 953 praepositione
1718 909 1836 954 pro,

227 974 376 1018 quae,
399 975 511 1006 cum
531 958 748 1018 prod-uei
769 963 822 1006 et
842 961 1036 1018 corripi
1056 961 1245 1015 soleat,
1266 961 1688 1008 observationem
1703 962 1837 1008 hanc

228 1031 402 1072 tamen
435 1029 504 1072 M.
539 1027 704 1072 Tullii
737 1032 1010 1084 aspernata
1042 1030 1161 1074 est?
1230 1030 1279 1072 4.
1316 1030 1435 1074 Non
1468 1027 1605 1073 enim
1636 1042 1839 1086 semper

228 1093 551 1152 producitur,
589 1107 704 1138 cum
743 1094 979 1150 sequitur
1013 1105 1077 1138 ea
1113 1093 1286 1150 litera,
1322 1106 1453 1150 quac
1483 1094 1647 1151 prima
1675 1097 1754 1140 est
1769 1095 1838 1144 ‘in

230 1160 387 1205 verbo
397 1159 574 1220 felix,
607 1173 756 1216 quam
778 1161 960 1205 Cicero
981 1159 1113 1204 hanc
1133 1159 1320 1206 habere
1340 1160 1443 1206 vim
1468 1159 1752 1218 significat,
1780 1164 1840 1206 ut

229 1227 447 1284 propter
474 1238 584 1271 eam
613 1239 721 1271 rem
748 1231 800 1271 n’n
835 1230 887 1272 et
912 1241 1008 1272 eon
1034 1227 1450 1285 praepositiones
1472 1226 1836 1284 producantur.

229 1297 278 1339 ὃ.
318 1293 448 1338 Nam
468 1289 754 1353 proficisci,
777 1296 829 1339 et
842 1294 1177 1356 profundere
1192 1328 1205 1351 ‚
1234 1297 1287 1339 et
1302 1295 1621 1355 profugere,
1642 1297 1694 1340 et
1707 1309 1839 1352 pro-

212 1361 428 1422 fanum,
459 1363 510 1406 et
525 1361 828 1422 profestum
849 1364 1087 1419 correpte
1108 1360 1349 1419 dicimus;
1374 1363 1627 1422 proferre
1648 1365 1836 1421 autem,

225 1430 279 1473 et
302 1426 626 1488 profligare,
655 1432 707 1474 et
733 1425 998 1486 proficere
1029 1427 1297 1485 producte.
1370 1431 1417 1473 6.
1457 1430 1561 1474 Gur
1587 1428 1746 1486 igitur
1776 1441 1837 1474 ea

227 1494 410 1554 litera,
450 1509 600 1553 quam
621 1495 807 1541 Cicero
840 1495 1196 1553 productionis
1228 1508 1433 1541 causam
1460 1497 1631 1542 facere
1660 1497 1837 1542 obser-

230 1563 388 1621 vavit,
410 1576 514 1608 non
537 1563 590 1608 in
619 1564 858 1609 omnibus
885 1561 1250 1610 consimilibus⁴
1270 1563 1481 1609 eandem
1512 1564 1615 1609 vim
1642 1569 1731 1609 aut
1754 1578 1837 1609 ra-

231 1629 392 1675 tIonis
415 1633 503 1675 aut
523 1630 798 1675 suavitatis
819 1634 986 1677 tenet:
1026 1632 1120 1677 sed
1140 1630 1299 1675 aliam
1318 1643 1501 1676 vocem
1518 1630 1738 1689 produci
1759 1632 1838 1677 fa-

231 1696 326 1754 cit,
359 1696 516 1743 sliam
545 1697 776 1755 corripi?
845 1700 1022 1755 Neque
1049 1710 1177 1744 vero
1208 1712 1305 1744 eon
1338 1698 1592 1755 particula
1616 1700 1723 1743 tum
1754 1711 1839 1742 so-

230 1764 334 1809 lum
355 1764 676 1822 producitur,
709 1778 821 1810 cum
843 1780 905 1812 ea
923 1765 1101 1822 litera,
1126 1765 1187 1810 de
1209 1778 1309 1823 qua
1329 1764 1510 1811 Cicero
1532 1764 1675 1823 dicit,
1698 1765 1837 1810 inse-

228 1831 420 1887 quitur.
491 1833 539 1877 ⁶1.
577 1832 705 1877 Nam
741 1834 793 1877 et
823 1833 949 1879 Cato
975 1834 1028 1877 et
1049 1832 1365 1879 Sallustius:
1391 1833 1725 1895 foenoribus,
1755 1831 1835 1877 iu-

230 1897 432 1955 quiunt,
452 1906 733 1956 coopertus
757 1906 852 1945 est.
923 1902 972 1944 8.
1009 1900 1290 1945 Praeterea
1317 1902 1575 1957 caligatus
1607 1901 1661 1944 et
1688 1914 1838 1945 coue-

229 1978 332 2010 xas
362 1964 610 2021 producte
643 1966 898 2011 dicuntur.
969 1969 1015 2011 9.
1053 1965 1158 2011 Sed
1186 1970 1357 2011 tamen
1387 1965 1552 2011 videri
1583 1968 1755 2023 potest
1784 1965 1836 2009 in

231 2030 324 2087 ''s,
353 2044 483 2086 quae
515 2032 693 2088 posui,
734 2034 796 2077 ob
820 2045 931 2077 eam
953 2044 1155 2077 causam
1177 2032 1435 2090 particula
1454 2031 1581 2077 haec
1601 2032 1837 2089 produci,

231 2096 470 2155 quoniam
504 2098 722 2143 eliditur
749 2112 812 2143 ex
845 2110 908 2143 ea
925 2114 959 2143 n
977 2098 1159 2155 litera,
1198 2111 1311 2143 nam
1334 2097 1697 2145 detrimentum
1715 2098 1837 2143 lite-

230 2176 320 2209 rae
341 2162 682 2221 productione
712 2163 944 2221 syllabae
970 2168 1347 2221 compensatur.
1426 2167 1501 2210 10.
1538 2164 1691 2217 Quod
1717 2163 1839 2220 qui-

231 2229 346 2275 dem
368 2230 524 2276 etiam
542 2230 596 2275 in
617 2243 678 2275 eo
700 2233 952 2286 servatur,
971 2230 1110 2286 quod
1128 2234 1208 2276 est
1225 2246 1364 2289 cogo.
1437 2232 1519 2275 11.
1556 2232 1733 2287 Neque
1754 2244 1839 2276 re-

231 2302 450 2356 pugnat,
492 2298 630 2354 quod
659 2297 805 2357 coe'fgt'
833 2299 1072 2354 correpte
1102 2296 1343 2354 dicimus;
1394 2310 1502 2343 non
1528 2297 1666 2343 enim
1694 2298 1841 2345 salva

232 2363 518 2427 συναιρέσει
539 2364 732 2410 dicitur
751 2377 784 2409 a
801 2365 978 2425 verbo,
1001 2365 1137 2421 quod
1158 2368 1237 2411 est
1254 2380 1398 2424 cogo.

695 2484 738 2535 C
771 2486 816 2535 A
850 2484 894 2535 Ρ
935 2485 980 2535 U
1018 2485 1069 2535 T
1140 2485 1383 2538 xvlu.

291 2568 424 2617 Quod
431 2567 647 2613 Phaedon
659 2568 927 2611 Socraticus
947 2568 1229 2625 servmfuit‚
1252 2574 1461 2625 quodque
1480 2567 1591 2611 item
1608 2570 1701 2613 alii
1718 2582 1839 2613 com-

338 2625 544 2679 plusculi
564 2624 868 2679 [philosophi
887 2624 1029 2681 clari]
1049 2626 1317 2669 servitutem
1334 2626 1599 2669 servierunt.

302 2702 348 2745 1.
387 2700 629 2747 Phaedon
659 2701 928 2747 Elidensis
957 2716 1024 2747 ex
1057 2702 1269 2749 cohorte
1300 2701 1397 2747 illa
1426 2702 1693 2748 Socratica
1721 2703 1839 2757 fuit,

231 2768 537 2825 Socratique
557 2772 608 2815 ct
628 2768 837 2816 Platoni
858 2782 950 2828 per
971 2768 1071 2815 fuit
1093 2769 1387 2817 familiaris.
1453 2771 1500 2815 2.
1524 2769 1653 2815 Eius
1672 2772 1839 2817 uomi-
