2134 3091
288 187 359 240 14
784 189 993 235 AULI
1065 189 1383 235 GELLH

424 306 473 353 Ε
474 309 671 354 tiamne
682 306 841 352 babet
853 307 1051 354 Casina
1071 308 1308 366 gladium
1321 302 1346 350 ?
1355 331 1415 340 --
1433 306 1627 360 Habet.
1641 307 1732 353 sed
1741 307 1886 367 duos,

428 375 651 433 Quibus,
684 378 859 422 altero
890 381 941 418 te.
966 378 1252 420 occisurum
1287 378 1394 430 ait,
1429 375 1602 430 altero
1635 376 1890 422 villicum·

298 445 373 488 12.
396 443 521 488 ltem
543 441 790 486 Laberius
812 441 866 487 in
884 440 1161 488 Gemellis:

428 509 539 554 Non
556 511 748 566 putam·
760 538 777 562 ,
810 505 1003 564 inquit,
1036 507 1134 554 hoe
1153 522 1266 554 eam
1293 508 1588 568 facturum.

300 576 377 620 13.
393 576 513 621 Non
534 587 660 632 ergo
681 574 771 619 isti
791 586 985 633 omnes,
1007 575 1348 622 soloecismus
1370 575 1490 632 quid
1511 578 1664 628 esset,
1681 574 1893 632 ignora-

296 644 493 688 verunt.
552 641 659 686 Sed
697 644 753 686 et
784 641 1071 698 Gracchus,
1103 641 1382 696 dicturum,
1413 645 1468 687 et
1497 641 1888 699 Quadrigarius,

292 710 531 767 futen-um
552 714 608 753 et
638 707 815 765 [benc]
849 707 1150 766 facturum,
1180 711 1233 754 et
1264 709 1478 762 Antias,
1503 722 1889 768 processurum,

294 779 347 822 et
366 776 599 833 Plautus,
623 777 932 829 occisurum,
952 778 1001 820 et
1021 775 1286 832 Laberius,
1302 776 1596 837 facturum,
1620 774 1888 820 indefinito

291 842 443 888 modo
466 841 729 888 dixerunt.
802 843 883 888 14.
925 841 1027 895 Qui
1046 842 1230 888 modus
1241 855 1407 900 neque
1431 842 1486 888 in
1510 854 1770 899 numeros,
1798 853 1891 885 ne-

294 923 391 967 que
422 907 479 954 in
507 920 783 970 personas,
814 921 979 964 neque
1013 909 1067 954 in
1087 921 1278 966 genera
1299 910 1347 966 [‚
1372 923 1534 966 neque
1555 909 1608 954 in
1628 906 1888 964 tempora}

294 975 627 1037 distrahitur,
662 975 754 1020 sed
788 974 963 1022 omnia
994 975 1192 1022 isthaec
1221 989 1324 1021 una
1355 977 1632 1032 eodemque
1661 972 1892 1020 declina-

292 1043 436 1088 tione
449 1042 825 1100 complectitur.
903 1043 978 1088 15.
1016 1042 1184 1088 Sicuti
1203 1045 1274 1088 M.
1289 1043 1467 1088 Cicero
1484 1041 1890 1102 dixitfuturum,

294 1123 393 1156 non
417 1107 557 1155 virili
577 1122 763 1167 genere
783 1122 949 1166 neque
969 1114 1172 1167 neutro,
1188 1107 1556 1172 (soloecismus
1577 1107 1714 1154 enim
1735 1107 1888 1164 plane

292 1173 463 1237 feren)
488 1175 579 1222 sed
608 1177 763 1223 verbo
794 1189 918 1222 usus
946 1180 1025 1222 est
1052 1178 1114 1224 ab
1138 1176 1279 1222 omni
1301 1175 1614 1222 necessitate
1645 1187 1886 1233 generum
1935 1227 1945 1232 ,

294 1243 840 1289 absoluto-16.1dem
860 1247 1028 1289 autem
1048 1243 1144 1289 ille
1159 1243 1354 1289 amicus
1373 1247 1556 1289 noster
1576 1241 1632 1287 in
1657 1239 1888 1287 eiusdem

292 1311 363 1354 M.
385 1308 547 1355 Tullii
573 1305 883 1371 [Ciceronis]
910 1310 1170 1369 oratione,
1193 1323 1323 1366 quae
1346 1313 1424 1355 est
1453 1311 1532 1354 Ile
1551 1309 1768 1366 ampetio
1797 1310 1889 1352 Gne

291 1368 539 1434 Pompeii
552 1375 626 1420 ita
646 1375 884 1433 scriptum
909 1388 1021 1422 esse
1042 1389 1074 1421 a
1095 1375 1344 1420 Cicerone
1367 1374 1586 1435 dicebat,
1610 1377 1758 1431 atque
1781 1374 1889 1431 ipse

294 1443 366 1488 ita
392 1442 681 1488 lectitabat.
719 1448 845 1488 Cum
882 1449 1084 1488 vestros
1124 1447 1311 1500 portus
1322 1471 1340 1496 ,
1375 1448 1532 1501 atque
1565 1453 1652 1488 eos
1678 1448 1885 1500 portus

292 1511 473 1570 quibus
497 1511 661 1556 vitam
684 1524 751 1557 ac
784 1512 1025 1569 spiritum
1048 1509 1262 1561 ducitis,
1296 1512 1350 1554 in
1373 1508 1698 1569 praedonum
1710 1509 1896 1571 fuisse

287 1582 605 1636 potestatem
633 1580 831 1623 sciatis.
889 1578 965 1622 17.
1001 1576 1181 1634 Neque
1199 1575 1560 1623 soloecismum
1583 1588 1696 1621 esse
1717 1575 1888 1621 aiebat

292 1651 344 1689 in
362 1650 680 1702 potestatem
691 1644 897 1705 scatere,
926 1646 982 1689 ut
1012 1643 1199 1701 vulgus
1231 1641 1568 1689 semidoctum
1595 1644 1760 1702 putat,
1795 1642 1885 1688 sed

294 1710 497 1757 ratione
518 1710 706 1756 dictum
728 1714 868 1757 certa
886 1713 940 1755 et
952 1711 1114 1768 proba
1132 1709 1501 1765 contendebat,
1515 1723 1614 1767 qua
1629 1712 1680 1755 et
1700 1706 1885 1756 Graeci

291 1778 363 1822 ita
381 1780 677 1823 uterentur:
714 1779 766 1823 et
783 1776 1014 1837 Plautus,
1045 1778 1321 1823 verborum
1344 1775 1646 1823 Latinorum
1676 1776 1886 1834 elegan-

290 1844 539 1899 tissimus,
564 1844 617 1889 in
636 1843 1008 1903 Amphitryone
1029 1842 1194 1892 dixit:

420 1912 644 1959 Numero
666 1912 797 1957 milen·
815 1916 867 1957 in
891 1912 1257 1973 mentensfm‘t‚

288 1993 413 2037 non,
434 1981 493 2025 ut
514 1978 615 2025 dici
642 1978 857 2025 solitum
875 1982 971 2040 est,
992 1984 1046 2027 in
1069 1985 1252 2025 mente.
1291 1981 1370 2025 18.
1400 1980 1504 2027 Sed
1521 1979 1655 2026 enim
1681 1982 1884 2037 praeter

286 2046 537 2104 Plautum,
570 2045 713 2093 cuius
736 2046 831 2093 ille
864 2046 921 2092 in
938 2060 1194 2107 praeseus
1217 2047 1457 2106 exemplo
1482 2060 1602 2094 usus
1621 2050 1726 2105 est,
1747 2046 1882 2092 mul·

284 2119 385 2159 tam
415 2127 511 2159 nos
542 2128 743 2171 quoque
776 2114 911 2172 apud
932 2117 1136 2161 veteres
1156 2114 1436 2173 scriptores
1459 2114 1780 2161 locutionum
1803 2117 1881 2159 ta·

284 2180 409 2225 lium
437 2181 637 2238 copiam
668 2180 997 2240 offendimus3
1029 2184 1181 2239 atque
1211 2182 1288 2227 his
1319 2182 1475 2241 vulgo
1498 2178 1880 2228 annotamentis

285 2246 635 2303 inspersimus.
686 2250 764 2293 19.
788 2250 854 2295 Ut
870 2248 1126 2295 rationem
1147 2253 1315 2295 autem
1326 2249 1478 2295 istam
1491 2247 1698 2293 missam
1720 2246 1882 2292 facias

286 2316 337 2357 et
370 2312 731 2359 auctoritates:
764 2328 922 2363 sonus
962 2318 1134 2362 tamen
1153 2318 1205 2363 et
1226 2316 1458 2373 positura
1479 2314 1590 2372 ipsa
1609 2314 1878 2359 verborum

198 2410 209 2419 .
285 2378 413 2425 satis
446 2378 739 2439 declarant,
773 2379 825 2426 id
845 2382 1019 2439 potius
1039 2378 1295 2443 ἐπιμελείᾳ
1316 2380 1418 2427 τῶν
1449 2376 1625 2430 λέξεων
1643 2378 1878 2424 modula-

284 2444 571 2502 mentisque
593 2446 849 2493 orationis
871 2448 940 2492 M.
965 2448 1134 2495 Tullii
1158 2448 1492 2506 convenisse,
1523 2448 1608 2501 ut,
1639 2445 1882 2503 quoniam

284 2512 535 2557 utrumvis
565 2512 668 2558 dici
696 2512 878 2559 Latine
911 2517 1116 2573 posset,
1145 2521 1459 2574 potestatem
1491 2512 1660 2559 dicere
1679 2512 1872 2563 mallet,

290 2591 397 2623 non
412 2584 694 2637 potestate.
730 2582 812 2627 20.
837 2580 972 2625 nlud
994 2581 1133 2626 enim
1153 2578 1228 2625 sic
1251 2578 1586 2639 compositum
1605 2577 1878 2623 iucundius

294 2644 357 2687 ad
390 2656 567 2689 aurem
600 2646 1053 2703 conspectiusque,
1086 2646 1350 2693 insuavius
1380 2647 1479 2692 hoc
1508 2644 1876 2702 imperfectius-

292 2722 396 2769 que
420 2713 525 2768 est,
542 2710 590 2756 ,si
615 2711 767 2757 modo
790 2710 861 2757 ita
883 2713 1162 2769 explorata
1183 2726 1304 2759 aure
1325 2714 1475 2760 homo
1490 2712 1583 2768 sit,
1605 2724 1710 2758 non
1729 2710 1880 2756 surda
