2134 3091
256 184 359 239 446
766 190 979 238 Auta
1032 189 1345 240 GELLII

256 305 515 353 eonditum
536 306 769 354 Tabulae
806 306 1125 365 compositae
1165 306 1490 365 scriptaeque
1511 305 1656 364 sunt3
1695 316 1726 351 a
1751 316 1852 363 quo

254 376 485 431 tempore
504 372 567 421 ad
587 373 721 421 hune
742 373 879 423 diem
896 372 1019 422 anni
1041 386 1156 420 esse
1177 387 1286 423 non
1298 374 1454 432 longe
1471 373 1638 419 minus
1658 372 1854 431 septin-

255 441 398 497 genti
437 440 693 487 videntur.
764 443 810 486 7.
846 440 987 487 Dure
1026 442 1198 487 autem
1235 440 1492 497 scriptum.
1516 451 1631 485 esse
1659 438 1715 484 in
1734 438 1850 485 istis

254 506 455 564 legibus
484 506 605 563 quid
631 505 923 553 existimari
952 508 1150 564 potest?
1187 500 1303 553 Nisi
1331 506 1510 551 duram
1539 517 1652 550 esse
1681 504 1848 562 legem

254 576 430 632 putas,
471 586 599 630 quae
620 572 841 618 iudicem
857 572 1171 619 arbitrumve
1191 573 1304 618 inre
1325 572 1518 629 datum,
1551 571 1638 628 qui
1661 572 1724 615 ob
1745 583 1850 615 rem

256 639 527 684 dicendam
552 638 821 696 pecuniam
848 639 1111 697 aeeeplsse
1130 638 1404 685 nonvietus
1422 641 1527 697 est,
1568 634 1736 695 eapite
1753 650 1848 693 pu-

252 704 353 751 nit.
393 708 482 751 aut
501 718 631 762 quae
655 706 815 750 furem
834 706 1164 751 manifestum
1195 705 1273 764 ei,
1315 704 1399 750 eui
1434 706 1626 752 furtum
1659 702 1847 747 factum

258 774 363 825 est,
400 771 457 817 in
488 770 788 818 servitutem
818 772 999 831 tradit,
1040 774 1347 823 nocturnum
1379 774 1547 819 autem
1577 771 1738 815 furem
1769 768 1849 814 ius

252 836 519 884 occidendi
540 836 739 883 tribuit.
777 840 857 883 8.
892 838 990 884 Dic
1010 826 1164 891 enlm,
1183 849 1392 895 quaeso,
1423 837 1524 892 dic,
1546 836 1626 881 vir
1645 835 1848 893 sapien-

249 904 356 949 tiae
376 904 770 983 studiosissime,
788 918 854 949 an
870 906 929 950 tu
949 908 1037 951 aut
1052 904 1250 971 indicis
1271 904 1417 949 illius
1442 902 1702 961 perfidiam
1723 914 1848 947 con-

248 973 331 1016 tra
351 970 523 1017 omnia
544 970 656 1016 iura
684 970 860 1016 divina
890 974 1040 1027 atque
1052 957 1289 1017 'humana
1315 970 1670 1016 iusiurandum
1701 980 1845 1013 suum

249 1037 471 1094 pecunia
492 1037 781 1092 vendentis,
802 1040 891 1083 aut
912 1038 1043 1085 furis
1060 1037 1327 1086 manifesti
1358 1036 1734 1083 intolerandam
1755 1048 1848 1079 au-

250 1102 445 1149 daciam
458 1138 473 1163 ‚
496 1106 586 1149 aut
602 1105 839 1149 nocturni
861 1103 1176 1161 grassatoris
1202 1104 1506 1150 insidiosam
1524 1100 1844 1157 violentiam,

246 1182 353 1216 non
393 1170 597 1229 dignam
634 1181 747 1217 esse
789 1171 971 1229 capitis
1008 1184 1206 1229 poenae
1245 1170 1544 1227 existimes?
1614 1172 1662 1213 9.
1700 1166 1842 1224 Noli,

248 1234 416 1293 inquit
435 1236 725 1283 Favorinus
740 1272 753 1295 ,
792 1250 859 1282 ex
878 1251 957 1283 me
978 1250 1244 1300 quaesere,
1277 1236 1398 1300 quid
1417 1242 1512 1295 ego
1535 1233 1843 1281 existimem.

248 1302 361 1350 Scis
395 1302 557 1360 enim,
596 1304 809 1351 solitum
829 1316 942 1351 esse
962 1318 1042 1349 me
1063 1300 1456 1362 pro'disciplina
1476 1305 1672 1361 sectae,
1695 1314 1846 1357 quam

247 1368 393 1429 colo,
432 1368 697 1427 inquirere
716 1368 915 1427 potius,
958 1383 1106 1430 quam
1127 1362 1429 1417 decernere.
1505 1372 1580 1415 10.
1619 1368 1718 1415 Sed
1739 1380 1845 1413 non

246 1435 380 1480 levis
402 1436 747 1495 existimator,
768 1450 933 1495 neque
954 1436 1298 1495 aspernabilis
1319 1434 1636 1495 est'populus
1659 1434 1846 1479 Roma*-

246 1513 364 1558 nus,
381 1502 464 1548 cui
486 1502 676 1548 delicta
694 1502 894 1559 quidem
914 1502 1109 1549 isthaec
1122 1503 1444 1564 vindicanda,
1461 1514 1661 1562 poenae
1673 1503 1846 1547 tamen

245 1567 596 1614 huiuscemodi
616 1569 769 1616 nimis
784 1569 940 1615 durae
962 1583 1076 1616 esse
1087 1569 1230 1616 visae
1253 1575 1396 1628 sunt3
1417 1582 1596 1628 passus
1615 1571 1692 1614 est
1706 1567 1845 1613 enini

244 1633 390 1691 leges
409 1635 537 1680 istas
558 1635 620 1679 de
640 1637 741 1680 tam
762 1635 1033 1682 immodico
1056 1637 1313 1696 supplicio
1329 1671 1342 1692 ,
1380 1637 1484 1682 situ
1522 1638 1670 1692 atque
1693 1634 1841 1681 senio

246 1699 440 1758 emori3
493 1703 573 1746 11.
596 1701 729 1748 sicut
750 1701 883 1747 illud
905 1715 1124 1759 quoque,
1146 1718 1247 1749 non
1267 1703 1556 1750 humaniter
1579 1700 1843 1760 scriptum,

242 1764 578 1826 improbavit:
619 1768 770 1824 quod,
792 1769 836 1814 si
857 1768 1005 1815 homo
1029 1767 1082 1814 in
1103 1769 1183 1817 ius
1203 1773 1430 1833 vocatus,
1447 1771 1624 1816 morbo
1647 1771 1735 1813 aut
1754 1779 1844 1812 ae-

242 1835 348 1878 tate
370 1847 547 1892 aeger,
584 1834 647 1879 ad
676 1833 1079 1894 ingrediendum
1098 1836 1360 1888 invalidus
1389 1839 1490 1894 est,
1531 1845 1709 1880 arcera
1737 1847 1841 1880 non

244 1901 519 1948 sternitur:
558 1900 686 1946 sed
672 1915 783 1961 ipse
805 1903 1059 1959 aufertur,
1099 1905 1152 1949 et
1181 1903 1408 1950 iumento
1433 1901 1737 1960 imponitur,
1761 1905 1843 1946 at·-

242 1979 340 2024 que
365 1981 433 2014 ex
456 1967 603 2014 domo
624 1981 716 2014 sua
735 1969 799 2015 ad
821 1971 1118 2016 Praetorem
1149 1969 1204 2016 in
1225 1957 1498 2016 Comitium
1525 1980 1662 2017 nova
1688 1965 1840 2012 sune-

241 2033 316 2078 ris
346 2033 479 2080 facie
506 2034 734 2080 effertur.
805 2035 968 2086 Quam
998 2035 1133 2082 enim
1163 2037 1226 2082 ob
1257 2050 1458 2082 eausam
1493 2035 1671 2080 morbo
1715 2030 1842 2079 affe-

243 2102 371 2157 ctus,
394 2103 446 2145 et
465 2101 530 2146 ad
548 2098 959 2162 respondendum
981 2115 1075 2160 pro
1098 2116 1211 2148 sese
1231 2116 1337 2148 non
1359 2103 1594 2161 idoneus,
1610 2100 1840 2147 iumento

240 2165 523 2213 adhaerens
545 2168 599 2214 in
629 2168 710 2212 ius
732 2168 1028 2214 adversario
1058 2168 1386 2226 deportatur?
1460 2169 1536 2214 12.
1576 2166 1726 2221 Quod
1747 2179 1838 2211 ve-

237 2243 299 2276 ro
323 2232 460 2291 dixi,
482 2234 648 2279 videri
677 2233 923 2290 quaedam
942 2248 1054 2280 esse
1075 2235 1335 2294 impendio
1356 2234 1625 2281 molliora:
1662 2247 1839 2280 nonne

240 2298 334 2343 tibi
354 2312 557 2355 quoque
580 2301 783 2347 videtur
802 2300 953 2346 nimis
974 2314 1088 2347 esse
1110 2303 1346 2364 dilutum,
1370 2302 1507 2359 quod
1527 2303 1602 2346 ita
1617 2301 1676 2346 de
1697 2299 1838 2344 iniu-

237 2364 318 2409 ria
337 2365 596 2422 punienda
618 2366 859 2425 scriptum
881 2371 985 2414 est:
1036 2368 1105 2414 Sl
1159 2367 1540 2414 lNlURIAM
1599 2365 1836 2414 ALTE-

236 2430 313 2476 ιιι
393 2431 662 2489 ΡΑΧιΤ,
731 2433 809 2477 v1
828 2433 1050 2479 omri
1139 2435 1503 2489 QmNQUE.
1597 2431 1832 2478 Anxius

235 2495 273 2540 P
290 2497 330 2538 Ο
346 2495 389 2539 E
402 2497 497 2542 NA
510 2498 553 2542 E
598 2497 633 2544 S
646 2499 746 2546 UN
760 2499 801 2544 Τ
816 2501 875 2544 0.
947 2500 1078 2554 Quis
1099 2501 1234 2547 enim
1257 2501 1356 2547 erit
1373 2503 1475 2546 tam
1496 2501 1662 2558 inops,
1685 2512 1837 2558 quem

238 2561 333 2605 ab
320 2562 542 2610 iniuriae
561 2565 823 2611 faciendae
854 2565 1074 2613 libidine
1103 2567 1293 2627 viginti
1322 2567 1544 2626 quinque
1574 2580 1716 2612 asses
1739 2566 1830 2610 de-

237 2629 496 2674 terreant?
570 2631 856 2686 13.1ta‹1ue
882 2645 995 2677 cum
1023 2647 1134 2679 eam
1163 2633 1332 2692 legem
1360 2635 1422 2688 Q.
1444 2647 1643 2696 quoque
1661 2633 1831 2678 Labeo

240 2693 443 2736 vester'
428 2707 483 2739 ιιι
503 2695 667 2754 libris,
700 2711 827 2756 quos
858 2699 921 2744 ad
952 2699 1224 2749 duodecim
1244 2701 1471 2750 Tabulas
1503 2699 1832 2777 conscripsit,
