2134 3091
734 230 898 277 1018.
940 229 1103 277 XIX.
1175 230 1352 277 CAP.
1391 232 1476 279 13.
1804 228 1909 282 443

793 374 1164 431 CAPUT
1231 378 1413 433 xlll.

429 460 545 511 Quos
558 457 909 516 pumiliones
932 474 1146 513 mmmm,
1173 461 1344 507 Graece
1361 462 1512 508 mireve
1530 461 1775 518 appellari.

368 551 415 597 1.
454 551 673 598 Stabant
701 551 837 596 forte
866 563 970 596 una
998 549 1055 596 in
1089 550 1348 599 vestibulo
1383 552 1575 600 Palatii
1611 553 1906 602 fabulantes

296 617 497 665 Fronto
516 616 819 673 Cornelius,
852 619 909 662 et
926 614 1113 663 Festus
1135 615 1457 678 Postumius,
1497 623 1550 667 et
1581 619 1906 679 Apollinaris

300 684 587 742 Sulpicius.
655 686 821 740 Atque
842 696 939 741 ego
961 682 1031 730 ibi
1052 685 1302 731 assistens
1321 698 1431 731 cum
1445 687 1750 745 quibusdam
1761 686 1906 751 aliis,

299 762 563 798 sermones
586 763 783 807 eorum,
804 762 935 807 quos
953 749 1015 797 de
1035 750 1304 797 literarum
1325 751 1618 811 disciplinis
1637 752 1906 810 habebant,

288 817 558 864 curiosius
591 819 871 875 captabam.
942 820 990 862 2.
1028 818 1160 863 Tum
1191 818 1390 865 Fronto
1428 819 1753 879 Apollinari:
1802 820 1908 866 Fac

298 898 395 942 me,
420 883 601 942 inquit,
624 895 736 944 oro,
758 882 1024 940 magister,
1048 886 1104 929 ut
1123 883 1218 930 sim
1241 888 1439 941 certus,
1471 900 1535 933 an
1560 889 1699 933 recte
1723 898 1906 945 super-

293 948 525 998 sederim
545 964 709 997 nanos
731 950 929 1003 (licere,
950 962 1111 1007 parva
1133 952 1286 996 nimis
1307 954 1504 999 statura
1525 953 1777 1007 homines,
1797 964 1906 997 ma-

302 1016 591 1075 luerimque
612 1029 703 1063 eos
718 1018 1025 1074 pumiliones
1056 1016 1346 1077 appellare,
1381 1020 1622 1075 quoniam
1647 1019 1747 1065 boc
1773 1018 1905 1064 scri-

302 1088 442 1143 ptum
460 1097 575 1130 esse
605 1084 658 1129 in
701 1082 846 1128 libris
884 1086 1113 1129 veterum
1153 1084 1502 1131 memineram:
1539 1100 1706 1134 nanos
1736 1088 1906 1131 autem

302 1150 564 1198 sordidum
600 1163 714 1197 esse
749 1151 959 1196 verbum
990 1153 1041 1195 et
1071 1152 1341 1197 barbarum
1368 1152 1652 1198 credebam.
1724 1153 1771 1198 ³.
1807 1152 1906 1198 Est

302 1216 526 1276 quissem,
546 1217 730 1274 inquit,
750 1216 868 1273 hoc,
888 1216 1212 1274 Apollinaris
1228 1252 1241 1269 ,
1271 1216 1328 1262 in
1350 1218 1721 1265 consuetudine
1743 1218 1908 1276 impe-

299 1285 389 1331 riti
408 1284 555 1343 vulgi
588 1286 856 1343 frequens,
886 1284 975 1329 sed
1007 1284 1274 1329 barbarum
1293 1296 1400 1330 non
1421 1288 1524 1339 est,
1563 1288 1904 1342 censeturque

301 1352 507 1410 ling-uae
530 1353 755 1398 Graecae
776 1351 1003 1409 origine3
1024 1342 1206 1401 scin-ove
1225 1350 1361 1396 enim
1375 1352 1561 1398 Graeci
1587 1355 1906 1398 vocaverunt

300 1418 445 1465 brevi
464 1422 614 1476 atque
642 1416 826 1464 humili
855 1430 1072 1475 corpore
1092 1416 1357 1473 homines,
1399 1418 1607 1477 paulum
1627 1430 1784 1475 supra
1797 1420 1905 1463 ter-

300 1498 410 1533 ram
431 1487 721 1542 exstantes3
762 1484 913 1542 idque
938 1485 1012 1529 ita
1032 1484 1303 1541 dixerunt,
1335 1484 1562 1531 adhibita
1581 1485 1796 1542 quadam
1815 1498 1904 1530 ra-

300 1551 445 1600 tione
466 1553 832 1612 etymologiae,
855 1565 967 1599 cum
986 1552 1247 1598 sententia
1277 1554 1522 1601 vocabuli
1552 1555 1901 1612 competente3

302 1623 371 1676 et,
393 1620 439 1665 si
459 1619 723 1678 memoria,
746 1619 929 1678 inquit,
972 1619 1098 1664 mihi
1117 1632 1222 1666 non
1243 1621 1384 1668 labat
1397 1649 1411 1674 ,
1442 1621 1692 1680 scriptum
1707 1619 1808 1666 hoc
1825 1621 1907 1665 est

300 1686 355 1732 in
377 1687 643 1733 comoedia
662 1686 1043 1744 Aristophanis,
1069 1688 1150 1732 c-ui
1173 1699 1360 1734 nomen
1381 1681 1694 1748 estunzmjc.
1747 1686 1844 1732 Fui
1853 1699 1904 1732 s·

297 1755 379 1801 set
398 1756 568 1800 autem
598 1757 807 1800 verbum
838 1754 938 1799 hoc
966 1765 997 1797 a
1024 1756 1078 1798 te
1107 1754 1316 1800 civitate
1337 1755 1596 1806 donatum.
1617 1756 1709 1800 aut
1726 1752 1783 1798 in
1804 1753 1906 1798 La-

300 1820 460 1865 tinam
480 1819 741 1866 coloniam
760 1820 1029 1864 deductum
1046 1850 1062 1873 ,
1104 1819 1225 1865 situ
1246 1833 1310 1866 eo
1349 1821 1425 1865 uti
1467 1820 1711 1878 dignatus
1741 1819 1903 1878 fores,

296 1888 533 1942 essetque
553 1884 606 1930 id
626 1885 887 1944 impendio
928 1885 1246 1940 probabilius
1260 1917 1274 1939 ,
1313 1899 1462 1941 quam
1481 1899 1609 1942 quae
1629 1899 1659 1931 a
1679 1884 1902 1930 Laberio

294 1949 551 2009 ignobilia
587 1951 741 1996 nimis
776 1953 830 1995 et
859 1949 1128 1995 sordentia
1157 1952 1210 1994 in
1246 1961 1392 1995 usum
1433 1951 1643 2008 linguae
1681 1950 1900 1996 Latinae

296 2017 595 2063 intromissa
613 2019 749 2062 sunt.
820 2018 868 2060 4.
900 2015 1029 2059 Tum
1051 2016 1235 2061 Festus
1253 2017 1546 2062 Postumius
1566 2017 1900 2074 grammatico

296 2083 519 2142 cuipiam
540 2081 745 2141 Latino,
767 2079 1051 2128 Frontonis
1075 2082 1350 2128 familiari:
1371 2083 1577 2138 Docuit,
1598 2081 1781 2141 inquit,
1803 2094 1901 2128 nos

297 2149 635 2210 Apollinaris,
674 2161 840 2195 nanos
875 2150 1086 2194 verbum
1109 2150 1355 2194 Graecum
1379 2161 1518 2205 esse;
1557 2153 1614 2194 tu
1633 2159 1730 2194 uos
1754 2150 1900 2207 doce,

294 2218 351 2264 in
371 2230 471 2274 quo
492 2218 553 2264 de
572 2216 747 2275 mulis,
760 2217 851 2261 aut
869 2215 1106 2272 equuleis
1124 2214 1488 2261 humilioribus
1512 2216 1670 2273 vulgo
1693 2215 1902 2272 dicitur,

294 2295 428 2331 anne
468 2283 709 2330 Latinum
742 2282 828 2339 sit,
868 2283 923 2326 et
951 2283 1087 2339 apud
1122 2281 1272 2338 quem
1309 2281 1555 2339 scriptum
1591 2281 1900 2339 reperiatur.

294 2355 343 2398 5.
382 2352 552 2410 Atque
573 2351 669 2397 ille
689 2347 1076 2408 grammaticus,
1108 2347 1260 2394 homo
1292 2360 1417 2395 sane
1451 2361 1695 2406 perquam
1718 2347 1775 2393 in
1806 2361 1900 2393 no-

292 2417 495 2465 scendis
526 2417 789 2464 veteribus
819 2413 1027 2474 scriptis
1066 2414 1356 2462 exercitus:
1395 2414 1451 2461 Si
1485 2414 1772 2473 piaculum,
1816 2413 1901 2460 in-

292 2485 432 2546 quit,
470 2499 577 2532 non
612 2482 976 2539 committitur,
1014 2485 1292 2542 praesente
1322 2481 1655 2540 Apollinare,
1693 2479 1813 2538 quid
1836 2481 1900 2526 de

292 2565 419 2599 voce
447 2553 560 2599 ulla
581 2553 778 2598 Graeca
797 2549 1045 2596 Latinave
1077 2549 1318 2608 sentiam,
1361 2549 1560 2602 dicere,
1598 2547 1764 2593 audeo
1785 2547 1899 2606 tibi,

292 2620 465 2675 Feste,
501 2618 772 2678 quaerenti
792 2618 1105 2676 respondere
1118 2648 1131 2675 ‚
1154 2627 1268 2663 esse
1287 2617 1384 2662 hoc
1405 2617 1616 2662 verbum
1633 2613 1897 2673 Latinum,

292 2686 637 2744 scriptumque
648 2685 875 2732 inveniri
896 2686 948 2730 in
962 2684 1218 2743 poematis
1230 2683 1734 2742 Helviicinnae,non
1747 2680 1898 2739 igno·

290 2753 414 2801 bilis
442 2768 608 2813 neque
650 2751 845 2801 indocti
876 2754 1093 2812 poetae3
1132 2763 1408 2812 versusque
1447 2750 1560 2798 eius
1580 2748 1722 2808 ipsos
1745 2747 1898 2806 dixit,
