2134 3091
310 214 425 267 ’358
826 218 1037 264 AULI
1109 217 1422 265 GELLII

320 334 481 395 xerit,
512 334 813 394 colligetur,
851 334 1043 381 habere
1071 348 1187 380 eum
1217 346 1427 392 cornua,
1463 345 1592 390 quae
1616 345 1720 379 non
1739 330 1916 391 perdi-

321 404 413 448 dit.
486 404 561 447 11.
606 401 813 447 Rectius
849 402 1014 459 igitur
1050 401 1348 458 cautiusque
1389 401 1462 445 ita
1498 399 1918 457 respondebitur:

320 467 567 527 quidquid
587 468 757 527 habui,
779 468 830 512 id
850 468 1032 522 habeo,
1053 467 1096 513 si
1117 467 1171 512 id
1189 480 1293 513 non
1316 467 1536 525 perdidi.
1594 469 1675 511 12.
1707 466 1807 513 Sed
1824 466 1917 510 hu-

320 534 605 581 iuscemodi
635 534 905 591 responsio
936 548 1040 581 non
1062 535 1116 579 fit
1143 547 1212 579 ex
1233 546 1294 579 ea
1314 534 1458 592 lege,
1497 546 1647 590 quam
1672 532 1912 579 diximus.

320 604 443 648 Plus
465 602 627 657 enim,
662 613 811 657 quam
832 601 971 657 quod
991 603 1204 658 rogatus
1224 602 1328 657 est,
1369 600 1664 658 respondet.
1739 601 1818 645 13.
1851 598 1918 643 Et

318 672 594 726 propterea
622 666 674 711 id
695 679 897 724 quoque
919 666 991 712 ad.
1004 680 1114 713 eam
1136 666 1304 725 legem
1325 667 1446 711 addi
1466 668 1606 713 solet
1621 699 1636 725 ,
1673 679 1780 713 non
1801 678 1916 711 esse

308 734 565 793 captiosis
584 733 1078 791 interrogationibus
1098 733 1530 791 respondendum.

840 864 1210 915 CAPUT
1279 864 1392 915 111.

376 948 583 998 Quanam
610 946 794 991 ratione
820 944 941 1003 effici
966 946 1118 990 dixeri
1155 946 1465 991 Erasistratus
1491 946 1700 999 medicus,
1738 946 1781 990 si
1797 946 1922 991 cibus

417 1003 559 1061 forte
580 1003 733 1053 deerit,
752 1010 807 1045 ut
821 1002 1017 1047 tolerari
1033 1004 1102 1045 al:
1165 1002 1370 1059 tantisper
1388 1002 1540 1045 inedia
1552 1004 1718 1059 possit,
1739 1010 1787 1047 et
1807 1006 1919 1046 tole-

430 1059 533 1101 rari
547 1058 709 1116 fumes
720 1076 733 1100 .-
770 1059 989 1116 verbaque
1020 1057 1123 1113 ipsa
1141 1058 1421 1101 Erasistrati
1435 1072 1568 1113 super
1586 1074 1640 1101 ea
1658 1074 1706 1101 re
1724 1062 1918 1115 scripta..

391 1140 437 1183 1.
484 1137 607 1183 Cum
643 1136 905 1182 Favorino
938 1136 1130 1181 Romae
1163 1134 1272 1181 dies
1305 1135 1603 1193 plerumque
1632 1138 1773 1183 totos
1805 1150 1922 1181 era-

320 1218 455 1251 mus:
494 1204 800 1260 tenebatque
821 1202 1021 1248 animos
1040 1205 1248 1249 nostros
1270 1202 1418 1248 homo
1442 1202 1536 1247 ille
1558 1202 1702 1248 fandi
1728 1203 1921 1247 dulcis-

244 1260 251 1267 ’
324 1272 513 1327 simus;
568 1273 717 1327 atque
738 1284 880 1329 eum,
919 1282 1122 1325 quoquo
1147 1269 1270 1325 iret,
1311 1269 1459 1326 quasi
1479 1282 1545 1315 ex
1567 1268 1748 1327 lingua
1769 1283 1923 1327 pror-

324 1353 437 1385 sum
456 1338 569 1385 eius
601 1336 763 1395 capti,
793 1338 1252 1393 prosequebamur:
1293 1334 1368 1380 ita
1391 1334 1714 1381 sermonibus
1735 1350 1923 1393 usque-

322 1418 520 1465 quaque
541 1402 920 1449 amoenissimis
942 1402 1282 1449 demulcebat.
1350 1405 1398 1447 2.
1438 1403 1566 1447 Tum
1587 1401 1654 1448 ad
1671 1404 1925 1460 quendam

322 1485 533 1530 aegrum
561 1483 673 1516 cum
701 1469 833 1517 isset
858 1470 1049 1525 visere,
1087 1482 1286 1527 nosque
1307 1483 1420 1515 cum
1441 1482 1502 1514 eo
1524 1482 1627 1515 una
1645 1469 1926 1517 introisse-

319 1534 455 1593 mus.
472 1538 733 1593 multaque
754 1535 817 1584 ad
834 1535 1080 1596 medicos,
1111 1536 1195 1594 qui
1214 1538 1322 1584 tum
1342 1538 1476 1583 forte
1497 1536 1618 1584 istic
1639 1540 1803 1594 erant,
1833 1551 1926 1584 va-

319 1604 574 1653 letudinis
602 1603 714 1648 eius
746 1603 939 1660 gratia,
978 1603 1218 1650 oratione
1250 1604 1447 1650 Graeca
1475 1603 1725 1650 dixisset:
1761 1606 1838 1651 Ac
1857 1620 1926 1650 ne

317 1672 420 1720 hoc
440 1671 663 1728 quidem,
683 1669 867 1727 inquit,
888 1669 1074 1717 mirum
1093 1669 1259 1717 videri
1281 1671 1450 1729 debet,
1471 1671 1622 1729 quod,
1645 1684 1758 1717 cum
1777 1675 1927 1718 ante-

320 1739 417 1784 hac
438 1751 639 1794 semper
658 1736 847 1782 edundi
865 1737 1022 1784 fuerit
1044 1740 1320 1797 appetens,
1359 1751 1516 1796 nunc,
1555 1741 1673 1794 post
1699 1739 1924 1796 impera-

319 1810 426 1852 tam
454 1804 678 1850 inediam
709 1803 900 1858 tridui,
938 1804 1106 1851 omnis
1133 1807 1245 1850 eius
1267 1803 1516 1864 appetitio
1533 1804 1754 1865 pristina
1777 1806 1925 1852 elan-

304 1872 507 1932 guerit.
582 1873 625 1918 3.
664 1873 792 1917 Nam
812 1871 947 1928 quod
966 1871 1313 1919 Erasistratus
1335 1872 1596 1932 scriptum,
1627 1871 1812 1938 inquit,
1839 1887 1926 1920 re-

315 1940 492 1996 liquit,
530 1938 897 1998 propemodum
917 1951 1094 1984 verum
1115 1941 1220 1984 est:
1261 1939 1600 1986 esuritionem
1623 1939 1823 1986 faciunt
1845 1940 1924 1986 in-

316 2021 443 2054 anes
464 2009 798 2065 patentesque
820 2005 1190 2052 intestinorum
1209 2007 1383 2066 fibrae,
1415 2009 1468 2051 et
1489 2020 1614 2053 cava
1633 2007 1774 2054 intus
1799 2021 1926 2054 ven-

316 2074 431 2132 tris,
471 2079 523 2119 et
550 2072 803 2120 stomachi
834 2085 995 2118 vacua
1027 2075 1080 2117 et
1113 2071 1338 2118 hiantia:
1389 2086 1518 2130 quae
1555 2073 1642 2119 ubi
1679 2076 1772 2119 aut
1805 2075 1922 2120 cibo

316 2140 662 2201 complentur,
702 2142 791 2185 aut
818 2137 1069 2184 inanitate
1099 2138 1298 2184 diutina
1331 2139 1704 2186 contrahuntur
1723 2144 1774 2186 et
1797 2155 1924 2186 con-

314 2209 514 2265 nivent,
537 2210 659 2252 tunc
680 2206 813 2264 luco,
833 2207 888 2252 in
906 2219 1055 2262 quem
1075 2205 1220 2251 cibus
1242 2206 1468 2262 eapitur,
1506 2208 1592 2252 vel
1611 2207 1804 2265 stipato
1837 2208 1926 2252 vel

317 2275 567 2333 adducto,
604 2273 847 2318 voluntas
876 2271 1114 2330 capiendi
1144 2273 1257 2318 eius
1280 2272 1705 2331 desiderandique
1725 2275 1923 2319 restin-

315 2341 506 2400 guitur.
560 2345 609 2384 4.
647 2339 861 2396 Scythas
882 2352 1101 2397 quoque,
1123 2339 1198 2384 ait
1215 2339 1429 2386 eundem
1449 2339 1821 2387 Erasistratum
1844 2340 1925 2385 di-

319 2421 460 2466 cere,
500 2421 612 2452 cum
640 2405 710 2451 sit
732 2419 871 2462 usus,
911 2408 971 2451 ut
999 2407 1184 2451 famem
1210 2406 1420 2465 longius
1441 2407 1696 2464 tolerent,
1737 2407 1924 2452 fasciis

314 2477 545 2519 ventrem
567 2471 891 2518 strictissime
916 2472 1293 2530 circumligare.
1337 2473 1417 2518 Ea
1436 2474 1632 2519 ventris
1654 2487 1929 2532 compres-

318 2539 466 2584 sione
486 2538 821 2586 esuritionem
841 2552 992 2596 posse
1014 2536 1226 2596 depelli,
1255 2540 1506 2586 creditum
1527 2543 1622 2586 est.
1693 2543 1742 2586 5.
1781 2541 1927 2584 Haec

316 2608 425 2648 tum
443 2605 757 2662 Favorinus,
787 2605 1053 2662 multaque
1081 2605 1374 2652 istiusmodi
1397 2607 1528 2660 alia,
1565 2606 1930 2653 affabilissime

318 2669 538 2714 dicebat.
609 2672 659 2712 6.
698 2671 805 2716 Nos
836 2677 1000 2717 autem
1036 2675 1240 2729 postea,
1281 2687 1392 2719 cum
1419 2674 1606 2718 librum
1635 2675 1769 2718 forte
1792 2673 1905 2718 Era

321 2733 517 2778 sistrati
538 2735 824 2790 legeremus
841 2733 1156 2800 Διαιρέσεων
1176 2739 1412 2800 primum,
1433 2740 1486 2786 id
1507 2740 1674 2798 ipsum
1694 2739 1749 2784 in
1771 2752 1834 2785 eo
1861 2739 1932 2784 li-
