2134 3091
604 220 763 265 [ΑΒ.
812 219 983 263 x111.
1056 219 1235 265 cAl’.
1281 220 1368 265 24.
1692 213 1794 265 305

658 399 1029 451 CAPUT
1101 398 1340 450 XXIV.

249 482 507 532 Quaesitum
530 488 881 539 tractatumque,
902 484 1015 541 quid
1035 483 1130 527 sint
1157 482 1484 525 vnetnubiae:
1523 486 1657 539 atque
1682 480 1794 525 inibe

302 538 429 580 dista
460 542 684 596 quaedam
710 541 763 581 de
781 539 963 582 ratione
981 539 1140 583 utendi
1162 539 1308 583 verbis
1328 536 1558 595 pluribus,
1596 535 1714 579 idem
1732 537 1792 580 si-

300 593 643 651 grafia-metibus.

263 672 306 717 1.
347 674 402 717 ln
435 670 659 729 fastigiis
694 670 797 719 fori
826 670 1043 718 Traiani
1072 670 1348 717 simulacra
1379 674 1500 717 sunt
1528 670 1654 731 sita,
1693 670 1796 718 cir-

185 752 305 785 cum
323 738 549 796 undique
570 737 834 798 inaurata,
876 752 1124 797 equorum
1143 742 1293 795 atque
1315 736 1580 798 signorum
1601 738 1794 785 milita-

184 809 346 865 rium3
372 802 813 863 subscriptumque
835 810 938 851 est:
960 806 1003 850 E
1017 806 1066 851 X
1102 806 1156 849 M
1169 808 1211 851 A
1228 807 1273 851 N
1288 806 1378 851 UB
1392 807 1508 852 us.
1545 811 1594 852 2.
1621 806 1794 859 Quae-

184 876 333 921 rebat
353 873 663 930 Favorinus,
694 886 805 919 eum
825 872 879 918 in
902 885 1025 918 area
1044 871 1148 918 fori
1169 873 1471 931 ambularet,
1503 876 1557 919 et
1575 873 1793 919 amicum

186 956 340 988 suum
360 942 626 988 consulem
644 939 988 997 opperiretur,
1011 952 1192 984 causas
1213 953 1308 997 pro
1329 940 1579 986 tribunali
1599 954 1795 998 eogno-

188 1013 446 1064 scente‘m,
485 1020 683 1064 nosque
712 1010 835 1052 tnnc
856 1020 973 1051 eum
994 1008 1330 1052 sectaremur:
1370 1010 1677 1065 quaerebat,
1717 1006 1796 1051 in-

190 1088 359 1135 quam,
384 1073 506 1132 quid
528 1073 679 1119 vobis
702 1073 963 1119 videretur
982 1071 1272 1131 significare
1296 1072 1504 1130 proprie
1525 1075 1794 1119 '‘conubia-

188 1156 305 1188 rum
325 1141 423 1187 illa
442 1140 735 1197 inscriptio.
808 1140 855 1183 3.
894 1140 1023 1185 'I'um
1045 1138 1315 1196 quispiam,-
1337 1139 1424 1195 qui
1447 1152 1560 1185 eum
1581 1153 1642 1185 eo
1665 1145 1793 1197 erat,

188 1210 345 1255 homo
366 1207 421 1253 in
446 1206 631 1253 studiis
652 1204 917 1251 doetrinae
935 1205 1086 1251 multi
1109 1209 1262 1263 atque
1281 1206 1526 1252 celebrati
1548 1205 1794 1253 nominis:

193 1276 295 1323 Ea·
328 1276 675 1327 manubiis,
712 1272 900 1330 inquit,
936 1269 1204 1333 signifieat
1237 1286 1313 1318 ea·
1341 1272 1640 1331 praeda5
1673 1287 1794 1320 ηια-

190 1359 271 1391 ηκ
286 1344 393 1389 bia
407 1356 434 1387 e
470 1344 600 1387 em‘m
630 1342 873 1385 dle-untur
896 1343 1131 1399 praeda,
1169 1352 1306 1399 quae
1336 1352 1492 1385 manu
1515 1346 1679 1399 capta
1701 1347 1794 1387 eet.

189 1416 241 1457 4.
280 1408 530 1463 Etiamsi,
558 1407 737 1466 inquit
764 1407 1085 1462 Favorinus,
1123 1412 1286 1465 'opera
1317 1407 1442 1453 mihi
1474 1406 1716 1465 princeps
1745 1410 1796 1453 et

189 1492 349 1538 prope
372 1478 539 1524 omnis
566 1476 625 1521 in
651 1474 823 1521 literis
854 1472 1248 1533 disciplinisque
1271 1474 1484 1521 Graecis
1505 1476 1670 1519 sumta
1690 1478 1795 1520 est:

186 1561 295 1594 non
321 1559 487 1603 usque
516 1559 578 1591 eo
610 1548 780 1591 tamen
808 1542 1108 1600 infrequens
1139 1557 1250 1590 sum
1275 1557 1456 1589 vocum
1475 1540 1794 1600 Latinarum,

186 1627 317 1672 quae
356 1612 619 1660 subcisivo
658 1610 766 1658 aut'
784 1610 1128 1658 tumultuario
1167 1611 1340 1657 studio
1383 1611 1530 1668 colo,
1568 1612 1628 1655 ut
1664 1609 1795 1656 hane

185 1682 422 1740 ignorem
442 1678 795 1726 manubiarum
814 1677 1302 1737 interpretationem
1320 1677 1628 1736 vulgariam,
1657 1677 1792 1734 quod

188 1761 305 1794 esse
324 1747 561 1794 dieantur
580 1746 851 1793 manubiae
870 1746 1082 1805 praeda.
1123 1746 1226 1792 See.
1245 1755 1458 1804 quaero,
1481 1759 1546 1790 an
1568 1745 1641 1790 M.
1665 1744 1792 1790 Tul-

188 1817 313 1872 lius,
334 1818 609 1860 verborum
632 1814 785 1860 homo
808 1812 1258 1873 diligentissimus,
1279 1815 1334 1858 in
1355 1813 1612 1866 oratione,
1643 1825 1792 1869 quam

188 1882 327 1928 dixit
346 1882 422 1926 De
444 1883 563 1938 lege
584 1879 788 1938 agraria
806 1879 1057 1927 Kalendis
1079 1879 1338 1925 Ianuariis
1359 1882 1544 1925 contra
1563 1878 1791 1940 Rullum,

188 1947 337 1994 inani
382 1949 439 1992 et
482 1947 703 2003 illepida
750 1947 1103 2004 geminatione
1149 1945 1384 1991 iunxerit
1431 1946 1700 1991 manubiae
1741 1955 1794 1990 et

185 2014 461 2074 praedam,
491 2013 534 2058 si
556 2013 657 2058 duo
678 2011 807 2057 haec
828 2016 983 2059 verba
1002 2011 1137 2057 idem
1157 2011 1466 2069 significant,
1496 2025 1662 2068 neque
1681 2011 1793 2056 ulla

186 2095 243 2127 re
265 2079 441 2135 aliqua
463 2079 732 2125 dissident.
805 2081 849 2124 5.
885 2080 1080 2136 Atque,
1117 2081 1174 2124 ut
1201 2079 1312 2122 erat
1329 2077 1622 2124 Favorinus
1643 2091 1791 2134 egre-

187 2149 275 2207 gia
306 2147 390 2191 vel
424 2145 605 2192 divina
630 2144 845 2204 quadam
875 2143 1154 2199 memoria,
1194 2146 1352 2191 verba
1380 2144 1494 2202 ipsa
1521 2145 1593 2188 M.
1625 2143 1789 2189 Tullii

187 2214 362 2262 statim
382 2214 537 2262 dixit.
590 2215 639 2258 6.
660 2211 738 2258 Ea
756 2224 851 2258 nos
872 2210 1206 2258 adscribimus
1223 2211 1332 2258 hic:
1372 2211 1656 2268 Praedam,
1675 2225 1791 2257 ma-

187 2284 389 2341 nutias,
416 2283 717 2339 sectionem,
747 2287 931 2326 eastra
958 2279 1171 2338 denique
1194 2281 1281 2324 Cu.
1303 2277 1552 2337 Pompeii,
1582 2277 1791 2324 sedente

190 2353 537 2409 imperatore,
576 2349 853 2394 decemviri
886 2346 1107 2393 vendent
1191 2343 1262 2391 Et
1298 2345 1436 2390 infra
1471 2345 1648 2391 itidem
1691 2344 1788 2390 duo

190 2419 315 2462 haec
335 2415 490 2463 simul
511 2415 727 2462 iunctim
747 2413 917 2472 posita
938 2413 1101 2462 dixit:
1145 2411 1238 2458 Ex
1255 2411 1458 2472 praeda
1473 2443 1488 2469 ‚
1525 2427 1595 2458 ea·
1614 2426 1790 2458 munu-

190 2488 312 2541 tn‘r’s,
352 2497 423 2532 ex
450 2498 583 2530 auro
604 2484 899 2528 coronario.
972 2483 1017 2526 ⁶1.
1056 2482 1130 2526 Ae
1151 2479 1338 2526 deinde
1357 2479 1422 2525 ad
1443 2491 1556 2526 eum
1579 2477 1791 2528 conver—

188 2553 275 2600 tit.
301 2552 390 2609 qui
417 2550 685 2597 manubias
714 2561 827 2596 esse
857 2549 1096 2608 praedam
1119 2547 1352 2606 dixerat3
1391 2549 1465 2593 et:
1506 2547 1791 2594 videturne

182 2620 311 2675 tibi,
348 2618 544 2676 inquit,
583 2621 802 2674 utroque
830 2617 883 2662 in
910 2617 1033 2663 loeo
1061 2617 1132 2661 M.
1159 2614 1338 2660 Cicero
1371 2614 1570 2662 duobus
1599 2613 1791 2674 verbis,

187 2688 321 2734 idem
348 2685 600 2745 (sicutitu
623 2679 801 2747 putas)
833 2683 1272 2742 significantibus,
1315 2681 1488 2738 inepte
1519 2682 1572 2728 et
1601 2681 1790 2740 frigide

188 2769 301 2802 esse
323 2767 470 2808 usus,
504 2767 563 2800 ac
580 2752 676 2799 tali
698 2753 817 2798 ioco
840 2753 1042 2812 dignus,
1075 2749 1217 2810 quali
1239 2749 1375 2808 apud
1397 2749 1790 2810 Aristophanem

254 2825 297 2868 G
308 2833 340 2868 ε
354 2833 383 2868 1,
396 2833 425 2868 ι,
439 2833 455 2866 ι
474 2833 503 2868 υ
520 2833 546 2868 s
1336 2819 1376 2862 U
