2134 3091
626 207 786 252 LIB.
825 207 899 252 11.
971 206 1149 252 cAP.
1188 205 1270 252 23.
1699 200 1769 254 63

623 353 739 404 ΟΔ
777 353 906 404 Pu
944 353 994 402 T
1065 351 1307 402 xxlll.

220 433 505 478 Consultatio
539 434 900 494 diindfcatioqus
924 435 1291 492 locorumfcaecta
1317 448 1375 478 ex
1401 434 1641 478 comeatu
1662 435 1764 480 Me·

267 490 436 534 nandn'
455 496 502 534 ce
519 489 727 542 caecilii,
748 506 863 549 quae
879 491 1090 536 Plocium
1106 491 1339 546 inscripta
1356 497 1436 533 est.

233 561 623 615 1.'Comoedias
661 569 953 615 lectitamus
993 571 1290 616 nostrorum
1326 568 1592 626 poctarum
1631 580 1767 614 sum-

163 637 242 680 tas
278 647 337 681 ac
369 647 546 681 versas
590 635 650 682 de
682 636 922 694 Graecis3
959 636 1250 682 Menandro
1279 647 1339 680 ac
1368 633 1649 692 Posidippo
1679 639 1769 682 aut

163 701 522 759 Appollodoro
543 706 633 749 aut
653 703 893 762 Alexide,
916 706 968 750 et
989 702 1290 760 quibusdam
1315 700 1437 747 item
1460 701 1585 747 aliis
1605 702 1766 748 eomi-

164 768 257 814 cis.
328 772 375 814 2.
412 769 617 826 Neque,
657 784 766 816 cum
798 770 1022 830 legimus
1047 783 1161 825 eas,
1200 768 1412 815 nimium
1434 780 1558 814 sane
1581 767 1767 827 displi-

166 837 302 892 cent3
343 834 466 892 quin
493 836 698 894 lepidae
727 851 928 896 quoque
950 841 1002 883 et
1020 841 1239 884 venuste
1260 835 1483 893 scriptae
1507 833 1765 893 videntur,
1811 872 1817 877 .

163 913 372 959 prorsus
394 905 450 948 ut
469 903 656 949 melius
678 916 833 961 posse
863 903 976 950 fleri
997 903 1128 950 nihil
1152 915 1380 950 censeas.
1454 903 1500 947 3.
1536 903 1607 947 At
1625 901 1764 948 enim

161 968 206 1016 si
230 970 468 1015 conferas
489 973 542 1015 et
563 983 839 1028 componas
854 971 1052 1016 Graeca
1070 969 1198 1029 ipsa,
1220 970 1355 1014 unde
1377 967 1475 1013 illa
1493 971 1767 1028 venerunt,

161 1047 220 1080 ac
241 1035 448 1092 singula
469 1036 797 1083 considerate
827 1042 982 1094 alque
1013 1040 1130 1094 apte
1152 1035 1342 1081 iunctis
1372 1037 1422 1078 et
1444 1034 1665 1080 alternis
1687 1035 1767 1081 le-

161 1101 420 1147 ctionibus
451 1102 767 1158 committas,
807 1102 998 1160 oppido
1019 1116 1165 1158 quam
1191 1102 1360 1147 iacere
1380 1103 1533 1157 atque
1554 1100 1766 1158 sordere
1794 1111 1801 1117 ·

163 1166 444 1224 incipiunt,
475 1181 605 1224 quae
637 1167 820 1215 Latina
848 1173 992 1214 sunt:
1033 1169 1108 1214 ita
1138 1169 1477 1227 Graecarum,
1514 1179 1643 1224 quas
1669 1180 1767 1212 ae-

161 1233 349 1280 mulari
386 1234 760 1292 nequiverunt,
801 1235 1008 1281 facetiis
1046 1239 1197 1292 atque
1234 1233 1519 1279 luminibus
1559 1233 1763 1280 obsole-

159 1303 326 1347 scunt.
364 1306 412 1347 4.
437 1303 615 1358 Nuper
634 1302 766 1349 adeo
785 1316 913 1349 usus
931 1301 1087 1348 huius
1106 1301 1183 1348 rei
1205 1299 1355 1348 nobis
1380 1300 1535 1346 venit.
1575 1303 1765 1346 5.Cae-

158 1367 266 1413 cilii
290 1367 526 1414 Plocium
542 1369 866 1427 legebamus:
887 1368 1020 1415 haud
1039 1382 1289 1426 quaquam
1312 1367 1437 1412 mihi
1459 1371 1511 1413 et
1530 1366 1617 1424 qui
1641 1367 1763 1412 ade-

158 1439 274 1480 rant
295 1434 622 1494 displicebat.
686 1438 732 1480 6.
756 1435 983 1482 Libitum
1003 1442 1101 1495 est,
1124 1433 1398 1481 Menandri
1416 1447 1618 1491 quoque
1640 1434 1763 1480 Plo-

157 1501 292 1549 cium
318 1502 536 1567 legerey
561 1515 592 1549 a
611 1515 712 1560 quo
742 1503 891 1551 istam
923 1502 1239 1550 comoediam
1264 1503 1503 1548 verterat.
1574 1504 1621 1548 7.
1661 1501 1765 1549 Sed

157 1568 323 1625 euim,
352 1575 626 1629 postquam
655 1570 709 1616 in
736 1584 918 1617 manus
936 1570 1224 1618 Menander
1244 1569 1411 1628 venit,
1451 1583 1481 1615 a
1501 1568 1763 1628 principio

159 1636 355 1693 statim,
386 1636 460 1683 dii
480 1635 626 1683 boni!
681 1641 930 1695 quantum
951 1641 1158 1696 stupere
1180 1640 1336 1693 atque
1362 1636 1573 1697 frigere,
1602 1650 1761 1693 quan-

155 1709 364 1760 tumque
389 1707 588 1751 mutare
617 1718 648 1751 a
675 1705 971 1751 Menandro
997 1704 1259 1751 Caecilius
1288 1704 1429 1749 visus
1452 1702 1553 1750 est!
1632 1702 1760 1748 Dio-

155 1770 318 1816 medis
353 1770 526 1818 hercle
557 1784 698 1817 arma
731 1776 783 1819 et
815 1771 1000 1818 Glauci
1032 1784 1139 1817 non
1170 1770 1363 1829 dis‘pari
1397 1770 1559 1831 magis
1588 1770 1758 1829 pretio

155 1836 455 1883 existimata
475 1842 612 1883 sunt.
669 1841 716 1883 8.
752 1841 1055 1887 Accesserat
1076 1838 1261 1891 dehinc
1281 1837 1439 1883 lectio
1459 1839 1522 1884 ad
1545 1851 1661 1883 eum
1682 1837 1763 1881 lo-

156 1918 293 1959 cum,
328 1903 382 1949 in
403 1918 502 1961 quo
525 1905 742 1951 maritus
764 1919 927 1953 senex
949 1919 1107 1963 super
1127 1918 1294 1951 uxore
1315 1904 1478 1950 divite
1500 1908 1649 1961 atque
1673 1903 1763 1948 de·
1822 1954 1832 1964 .

157 1971 309 2016 t'ormi
329 1973 658 2030 querebatur,
680 1974 815 2029 quod
837 1972 1083 2018 ancillam
1103 1984 1377 2028 suam,non
1401 1970 1591 2016 inscito
1614 1969 1764 2029 puel-

157 2038 254 2082 lam
275 2036 586 2093 ministerio,
622 2041 674 2083 et
693 2040 826 2085 facie
847 2039 983 2085 baud
1005 2037 1278 2095 illiberali,
1307 2039 1516 2083 coactus
1538 2040 1648 2081 erat
1673 2050 1765 2081 ve-

157 2103 390 2149 nundare
429 2108 718 2161 suspectam
757 2107 914 2151 uxori
950 2104 1098 2163 quasi
1128 2103 1395 2162 pellicem:
1437 2102 1569 2147 nibil
1600 2102 1763 2149 dicam

157 2184 281 2227 ego,
319 2172 560 2226 quantum
590 2170 812 2217 differat.
884 2173 1083 2217 Versus
1115 2170 1385 2226 utriusque
1418 2167 1582 2215 eximi
1610 2168 1762 2231 iussi,

157 2241 206 2282 et
231 2235 354 2282 aliis
375 2235 440 2282 ad
459 2236 707 2283 iudicium
729 2236 1021 2283 faciendum
1041 2237 1253 2295 exponi.
1295 2239 1343 2282 9.
1360 2236 1642 2283 Menander
1662 2235 1761 2283 sic:

890 2313 963 2337 d,

216 2312 340 2365 'En’
397 2311 695 2384 ἇμφοτέραν
741 2315 769 2344 ”·
785 2315 847 2345 *²*
891 2335 940 2366 ιν
1013 2318 1284 2381 ἐπίκληρος
1335 2310 1369 2383 ᾗ
1415 2314 1519 2344 *⁴*
1558 2316 1763 2381 μέλλειν

965 2402 1029 2432 κα
1037 2381 1334 2445 θευὸἡσειν·
1355 2383 1382 2410 '¹'
1401 2381 1428 2410 ⁴

223 2448 248 2476 *
271 2448 296 2476 '⁶'
319 2448 347 2477 '⁸'
369 2447 727 2517 κατεργάσασα
743 2452 876 2515 μέγα
899 2451 985 2499 καὶ
1003 2448 1318 2516 περιβόητον
1336 2449 1503 2515 ἔργον,

209 2514 311 2563 ἺΙν
330 2513 562 2580 βούλετ’,
585 2519 638 2566 ἐκ
659 2520 750 2581 τῆς
771 2518 934 2573 οἰκίας
955 2516 1158 2581 ἐξέβαλε
1180 2512 1276 2579 τήν
1294 2516 1554 2565 λυποῦσαν
1568 2531 1582 2546 ·

212 2578 310 2660 :Iv'
343 2584 647 2665 fmffl-fw‘f‘
686 2580 872 2641 πάντες
909 2584 980 2641 εἰς
1017 2580 1079 2633 τὸ
1107 2576 1424 2651 Κρωβύλης
1461 2577 1760 2653 πρόσωπον·

220 2650 289 2744 Η
299 2666 364 2743 ἴ*
375 2649 832 2785 ξεζὲἴὲἷιρςῆῒυῑὴ
856 2716 1115 2781 δέσποινα,
1133 2716 1219 2767 καὶ
1236 2716 1262 2746 *
1273 2714 1300 2746 *
1312 2714 1341 2745 '⁸'
