2134 3091
303 204 405 256 103
803 208 1019 253 AULI
1089 209 1404 255 GELLH

307 324 559 383 sciplinae
580 326 820 384 sectator,
834 327 969 371 aiter
986 326 1212 373 Stoicae.
1231 324 1376 373 zflis
1389 325 1642 383 quondam
1659 341 1758 385 ego
1774 328 1910 375 aeri..

310 399 388 438 ter
410 397 560 449 atque
584 395 825 439 contente
844 406 937 451 pro
954 393 1065 438 suis
1083 393 1320 449 utrinque
1335 392 1560 440 decretis
1577 406 1910 452 propugnan-

305 460 463 517 tibus,
482 472 595 505 cum
612 473 842 506 essemus
862 471 967 504 uua
984 472 1164 504 omnes
1183 459 1362 506 Ostiae
1383 474 1498 505 eum
1516 460 1801 516 Favorino,
1830 462 1914 505 in-

305 526 487 572 terfui.
557 528 607 573 3.
642 528 1039 573 Ambulabamus
1064 529 1237 572 autem
1265 527 1321 571 in
1339 525 1520 587 litore,
1561 540 1674 572 eum
1695 527 1798 571 iam
1817 528 1910 572 ad-

309 595 724 651 vesperasceret,
756 595 955 637 aestate
976 594 1104 639 anni
1123 592 1265 638 novi.
1333 598 1384 637 4.
1419 594 1590 650 Atque
1610 593 1682 638 ibi
1701 594 1912 639 Stoicus

310 660 555 706 censebat
568 692 583 714 ‚
620 662 673 704 et
700 659 855 704 vitam
877 660 1080 705 beatam
1099 659 1362 705 hominum
1381 658 1574 705 virtute
1595 658 1756 704 animi
1777 659 1912 712 sola,

310 730 362 772 et
393 726 653 771 miseria·
681 738 925 771 summam
952 725 1158 773 malitia
1181 726 1300 771 sola
1328 738 1482 785 posse
1511 726 1668 784 efflei,
1706 725 1914 770 etiamsi

312 796 488 839 cetera
507 794 643 837 hona
663 792 859 847 omnia,
888 804 1019 849 quae
1040 792 1338 849 corporalia
1366 795 1419 838 et
1439 795 1660 839 externa
1678 792 1916 849 appella-

310 863 509 916 rentur,
530 858 711 903 virtuti
734 859 989 915 deessent,
1006 858 1242 906 malitiae
1257 858 1516 905 adessent.
1585 863 1634 903 5.
1671 858 1772 903 lile
1791 872 1916 903 eon-

314 931 395 972 tra
415 924 794 981 Peripateticus
807 956 822 984 ,
852 926 1092 972 miseram
1116 925 1320 983 quidem
1341 926 1500 970 vitam
1517 926 1664 972 vitiis
1683 924 1843 969 animi
1862 926 1916 969 et

312 992 515 1039 malitia
536 992 651 1037 sola
670 992 800 1051 fleri,
834 992 1163 1045 concedebat.
1187 992 1279 1038 sed
1297 992 1362 1037 ad
1383 991 1717 1049 complendos
1736 1004 1915 1037 omnes

311 1060 454 1105 vitae
480 1060 663 1104 beatae
693 1072 935 1104 numeros
960 1060 1202 1105 virtutem
1235 1058 1398 1105 solam
1433 1072 1752 1115 nequaquam
1787 1057 1915 1103 satis

316 1138 431 1171 esse
458 1125 810 1171 existimabat:
850 1126 1094 1183 quoniam
1122 1128 1176 1171 et
1205 1124 1443 1182 eorporis
1468 1125 1742 1183 integritas
1775 1124 1916 1169 sani·-

314 1198 496 1250 tasque
518 1194 571 1237 et
588 1192 835 1237 honestus
855 1194 1035 1238 modus
1058 1194 1280 1249 formae,
1309 1194 1364 1237 et
1384 1192 1602 1250 pecunia
1623 1190 1914 1249 familiaris,

317 1263 369 1306 et
388 1260 525 1304 bona
552 1260 898 1317 existimatio,
930 1262 1204 1315 ceteraque
1223 1257 1394 1305 omnia
1417 1259 1652 1316 eorporis
1673 1261 1727 1303 et
1749 1259 1917 1303 fortu-

314 1340 412 1371 nae
438 1328 573 1373 bona
602 1326 899 1371 necessaria
925 1325 1228 1371 viderentur
1255 1324 1599 1383 perficiendae
1629 1326 1810 1371 beatae
1841 1323 1918 1368 vi-

316 1396 417 1438 tae.
489 1394 537 1435 6.
573 1392 902 1437 Reclamabat
930 1392 1029 1437 hoe
1060 1392 1114 1437 in
1146 1392 1266 1437 loeo
1287 1392 1521 1447 Stoicus,
1559 1394 1638 1444 et,
1675 1395 1920 1447 tanquam

316 1459 443 1504 duas
475 1458 571 1503 ille
599 1470 684 1503 res
704 1458 933 1505 diversas
954 1462 1196 1517 poneret,
1233 1458 1538 1503 mirabatur:
1599 1458 1766 1515 quod,
1805 1471 1918 1502 cum

318 1526 494 1571 essent
522 1523 723 1570 malitia
752 1527 806 1570 et
826 1526 991 1572 virtus
1026 1526 1130 1572 duo
1165 1524 1452 1582 contraria,
1489 1524 1602 1571 vita
1637 1524 1827 1570 misera
1867 1526 1919 1569 et

315 1595 465 1637 beata
492 1603 695 1647 quoque
724 1605 885 1648 aeque
906 1593 1167 1639 contraria
1180 1627 1193 1650 ,
1231 1605 1338 1638 non
1359 1596 1588 1637 servaret
1607 1591 1662 1637 iu
1683 1591 1918 1647 utrisque

316 1657 498 1704 vimet
523 1659 758 1701 naturam
785 1659 1057 1716 eontrarii;
1096 1661 1144 1705 7.
1177 1662 1232 1706 et
1250 1659 1314 1704 ad
1335 1658 1590 1704 miseriam
1611 1658 1813 1714 quidem
1839 1657 1918 1702 vi-

315 1728 397 1770 tae
422 1723 785 1768 conficiendam
807 1725 938 1771 satis
957 1725 1132 1772 valere
1149 1725 1403 1772 malitiam
1422 1725 1588 1770 solam
1609 1726 1831 1784 putaret,
1856 1723 1920 1768 ad

312 1790 673 1848 praestandam
710 1803 835 1837 vero
876 1793 1035 1836 vitam
1071 1794 1270 1838 beatam
1298 1805 1404 1836 non
1435 1791 1562 1836 satis
1595 1791 1766 1838 solam
1803 1803 1920 1836 esse

315 1859 559 1903 virtutem
578 1856 790 1902 diceret.
862 1861 911 1906 8.
942 1859 1109 1915 Atque
1130 1859 1184 1904 id
1203 1858 1427 1904 maxime
1448 1857 1716 1914 dissidere,
1745 1871 1919 1914 neque

316 1925 596 1971 convenire
617 1923 845 1985 dicebat,
884 1925 1049 1983 quod,
1090 1925 1176 1982 qni
1196 1926 1547 1984 profiteretur,
1587 1925 1746 1971 vitam
1766 1924 1918 1969 nullo

315 1994 465 2050 paeto
493 1993 693 2037 beatam
722 1992 853 2038 effici
881 2005 1063 2050 posse,
1103 1991 1148 2038 si
1175 1993 1342 2038 virtus
1370 1992 1486 2037 sola
1508 1994 1738 2048 abesset3
1781 1991 1920 2036 idem

315 2061 495 2104 eontra
512 2063 744 2116 negaret,
784 2060 982 2104 beatam·
1002 2058 1116 2104 fieri
1141 2059 1324 2112 vitam,
1365 2071 1478 2102 eum
1501 2059 1618 2104 sola
1641 2059 1806 2103 virtus
1829 2057 1922 2101 ad-

312 2126 471 2170 esset:
493 2127 546 2170 et
563 2139 711 2183 quem
731 2124 875 2170 daret
894 2125 1201 2182 haberetque
1222 2123 1422 2170 absenti
1445 2125 1626 2171 virtuti
1646 2125 1918 2182 honorem,

315 2191 531 2236 eundem
558 2193 756 2250 petenti
786 2195 941 2248 atque
964 2193 1225 2249 praesenti
1246 2193 1512 2236 adimeret.
1584 2195 1631 2236 9.
1668 2192 1795 2236 Tum
1818 2192 1922 2235 Pe-

313 2257 614 2314 ripateticus
660 2271 901 2316 perquam
946 2258 1122 2304 hercle
1161 2259 1348 2304 festive
1369 2271 1381 2305 :
1431 2258 1578 2316 Rogo
1615 2260 1684 2316 te,
1726 2257 1922 2315 inquit,

317 2337 429 2368 cum
444 2324 578 2371 bona
598 2325 751 2370 venia
769 2325 1106 2383 respondeas,
1137 2337 1202 2370 an
1223 2324 1513 2381 existimes,
1545 2337 1658 2370 esse
1680 2325 1789 2370 vini
1811 2338 1922 2369 am-

316 2391 551 2448 phoram,
594 2405 705 2436 eum
736 2394 882 2437 abest
910 2393 971 2436 ab
1001 2405 1064 2437 ea
1091 2405 1222 2438 unus
1252 2390 1468 2450 congius
1487 2392 1509 2436 ἓ
1583 2393 1660 2436 lo.
1697 2392 1809 2437 Hoc
1831 2390 1923 2436 ubi

316 2457 516 2514 aceepit
536 2457 769 2503 Stoicus:
805 2458 1038 2517 Minime,
1072 2458 1255 2517 inquit,
1285 2457 1394 2503 vini
1409 2457 1652 2515 amphora
1675 2456 1779 2504 diei
1801 2462 1894 2514 pot
1910 2487 1924 2496 -

316 2525 410 2575 est,
431 2536 497 2568 ex
518 2536 617 2578 qua
639 2525 782 2568 abest
802 2524 1035 2582 congius.
1111 2527 1188 2570 11.
1225 2525 1337 2570 Hoc
1365 2524 1453 2571 ubi
1481 2524 1683 2582 aceepit
1700 2524 1916 2582 Peripa-

317 2589 525 2634 teticus:
564 2588 707 2634 Unus
735 2589 918 2646 igitur,
952 2590 1146 2648 inquit,
1183 2590 1399 2648 congius
1430 2591 1720 2648 amphoram
1746 2593 1922 2638 facere

321 2652 419 2694 dici
443 2653 667 2699 debebit:
707 2657 975 2718 quoniam,
1006 2671 1120 2703 eum
1141 2656 1284 2702 deest
1307 2657 1402 2702 ille
1423 2671 1581 2710 unus,
1609 2671 1712 2704 non
1735 2659 1787 2702 nt
1809 2657 1920 2702 vini

318 2717 584 2776 amphora3
625 2721 678 2763 et
705 2735 815 2765 cum
846 2723 1092 2784 accessit,
1131 2725 1186 2768 fit
1207 2723 1464 2782 amphora.
1538 2724 1738 2779 Quodsi
1761 2723 1814 2770 id
1839 2724 1917 2770 di-
