2134 3091
632 188 797 233 LIB.
837 188 994 233 xvl.
1067 187 1245 233 cAP.
1289 190 1333 233 6.
1681 184 1784 238 363

182 302 321 350 enim
350 304 519 350 fessus
546 305 696 361 atque
725 306 980 363 languens
1012 304 1210 349 animus
1243 303 1304 348 de
1327 304 1471 348 aestu
1487 303 1662 350 maris.
1733 308 1781 351 3.

181 372 645 429 Legebat‘barbare
665 370 953 429 insciteque
979 370 1188 429 Virgilii
1209 370 1497 429 septimum,
1523 370 1578 415 in
1597 385 1696 428 quo
1718 372 1786 417 li-

182 439 279 485 bro
300 437 385 483 hic
404 450 585 483 versus
604 440 706 483 est:

260 508 471 550 Centum
492 506 761 563 lanigeras
780 505 1049 551 mactabat
1066 506 1168 549 rice
1189 503 1442 549 bidentes:

184 573 237 617 4.
277 574 331 617 et
348 570 556 617 iubebat
572 584 757 628 rogare
782 584 863 629 se,
895 571 941 616 si
961 570 1074 629 quis
1099 570 1222 627 quid
1245 570 1469 616 omnium
1489 581 1661 616 rerum
1680 569 1790 615 vel-

185 639 267 684 let
297 636 485 683 dicere.
556 640 605 683 5.
655 638 783 683 Tum
816 651 912 695 ego
943 637 1145 683 indocti
1177 636 1398 683 hominis
1433 636 1790 683 confidentiam

189 705 497 751 demiratus:
539 704 801 757 Docesne,
829 704 1051 763 inquam,
1087 716 1202 762 nos,
1222 703 1484 761 magister,
1507 716 1600 750 cur
1619 704 1790 749 biden-

110 815 129 827 ,
187 778 266 818 tes
290 771 555 817 dicantur‘.l
625 772 671 815 6.
710 770 979 827 Βίᾰοπτεσ,
1018 770 1204 827 inquit,
1224 783 1348 816 oves
1369 770 1689 831 appellatae,
1709 770 1792 815 id-

187 838 433 894 circoque
454 838 727 897 lanigeras
750 838 905 891 dixit,
934 840 993 883 ut
1019 850 1142 884 oves
1165 838 1370 895 planius
1393 838 1787 884 demonstraret.

186 908 237 949 7.
276 905 513 961 Posthac,
543 904 767 962 inquam,
796 903 1098 961 videbimus,
1123 918 1188 950 an
1208 917 1334 950 oves
1353 904 1518 958 solae,
1540 907 1596 950 ut
1615 907 1670 949 tu
1691 902 1788 964 ais,

184 972 425 1019 bidentes
456 971 717 1031 dicantur,
756 973 808 1015 et
836 984 903 1015 an
922 971 1236 1028 Pomponius
1261 970 1614 1017 Atellanarum
1634 972 1792 1029 poeta

184 1039 243 1085 iu
264 1038 433 1084 Gallis
454 1037 809 1095 Transalpinis
832 1038 1104 1094 erraverit,
1127 1050 1238 1083 cum
1261 1038 1358 1083 boc
1378 1036 1611 1093 scripsit:

256 1109 426 1162 Mars,
450 1104 547 1149 tibi
561 1118 719 1150 voveo
726 1105 1025 1165 facturum,
1047 1106 1097 1151 si
1114 1116 1343 1165 unquam
1363 1105 1600 1159 redierit,

256 1174 465 1218 Bedente·
484 1185 653 1217 verre.

188 1242 238 1285 8.
278 1238 379 1285 Sed
399 1251 537 1291 nunc
562 1250 661 1295 ego
682 1239 783 1285 ate
803 1236 1015 1295 rogavi,
1054 1250 1266 1294 ecquam
1287 1236 1419 1283 scias
1441 1248 1555 1283 esse
1575 1235 1790 1283 huiusce

190 1305 431 1351 vocabuli
462 1304 735 1350 rationem.
807 1307 855 1349 9.
894 1306 1059 1360 Atque
1089 1304 1186 1349 ille
1211 1304 1346 1350 nihil
1365 1305 1657 1358 cunctatus,
1697 1303 1789 1349 scd

185 1372 401 1419 nimium
420 1374 663 1429 quantum
682 1371 947 1417 audacter:
970 1372 1122 1428 Oves,
1139 1370 1324 1428 inquit,
1347 1370 1581 1417 bidentes
1601 1370 1787 1429 dictae,

188 1440 327 1497 quod
355 1438 479 1483 duos
510 1440 703 1485 tantum
742 1437 921 1483 dentes
958 1438 1196 1484 habeant.
1269 1441 1346 1485 10.
1382 1438 1479 1484 Ubi
1519 1441 1786 1493 terrarum,

189 1518 383 1566 quaeso
418 1506 471 1552 te
487 1538 501 1563 ,
540 1505 769 1563 inquam,
811 1505 939 1552 duos
968 1504 1111 1552 solos
1132 1518 1223 1564 per
1243 1508 1477 1552 naturam
1498 1505 1675 1552 dentes
1695 1504 1788 1550 ha-

188 1577 313 1620 bere
335 1586 483 1619 ovem
501 1572 710 1620 vidisti?
758 1575 1026 1619 Ostentum
1047 1573 1181 1618 euim
1203 1577 1300 1630 est,
1322 1576 1374 1620 et
1393 1572 1614 1631 piaculis
1636 1571 1786 1618 factis

188 1640 583 1699 procurandum.
641 1642 721 1686 11.
753 1641 885 1687 Tum
909 1640 1001 1686 ille
1026 1643 1285 1698 permotus
1305 1641 1430 1686 mihi
1449 1644 1505 1687 et
1525 1639 1784 1686 irritatus:

193 1709 413 1768 Quaere,
434 1706 619 1763 inquit,
640 1720 702 1752 ea
722 1707 910 1765 potius,
942 1721 1072 1764 quae
1097 1721 1164 1754 ex
1186 1708 1517 1765 grammatico
1537 1719 1790 1765 quaeren-

191 1776 259 1819 da
278 1775 421 1829 sunt3
452 1786 567 1818 nam
588 1773 650 1818 de
672 1773 841 1818 ovium
865 1773 1100 1820 dentibus
1121 1775 1385 1832 opiliones
1406 1775 1788 1833 percontantur.

191 1843 273 1886 12.
309 1838 545 1884 Facetias
574 1839 847 1884 nebulonis
870 1839 1092 1885 hominis
1113 1841 1208 1886 risi
1228 1844 1281 1887 et
1300 1841 1507 1897 reliqui.
1575 1839 1788 1886 Publius

190 1907 364 1954 autem
382 1904 625 1961 Nigidius
645 1905 701 1949 in
721 1905 855 1950 libro
872 1935 885 1959 ‚
916 1918 1061 1960 quem
1085 1907 1160 1954 De
1179 1907 1334 1952 Extis
1356 1907 1670 1964 composuit,
1711 1905 1789 1950 bi-

190 1972 369 2018 dentes
390 1970 643 2027 appellari
666 1970 738 2014 ait
759 1983 863 2015 nou
882 1984 1007 2016 oves
1029 1972 1187 2032 solas,
1209 1974 1298 2018 sed
1319 1987 1496 2018 omnes
1516 1973 1676 2018 bimas
1695 1971 1790 2016 ho-

192 2038 336 2085 stias.
374 2038 551 2093 Neque
573 2038 741 2081 tamen
764 2037 900 2082 dixit
920 2037 1271 2094 apertius,cur
1291 2040 1546 2084 bidentes.-
1581 2041 1654 2084 13.
1677 2037 1786 2096 sed,

190 2103 329 2162 quod
364 2102 505 2149 ultro
546 2101 993 2157 existimabamus,
1033 2103 1088 2147 id
1126 2105 1371 2163 scriptum
1408 2104 1698 2150 invenimus
1733 2103 1789 2148 in

192 2169 572 2218 commentariis
605 2168 905 2226 quibusdam
936 2169 999 2214 ad
1031 2169 1114 2214 ius
1142 2163 1454 2228 pontificium
1480 2171 1789 2228 pertinenti·-

189 2239 303 2297 bus,
326 2237 563 2283 bidennaea
582 2236 746 2294 primo
769 2235 947 2284 dictas.
962 2236 1120 2282 litera
1139 2237 1539 2298 immissa‚quasi
1559 2239 1788 2284 biennes:

194 2308 304 2351 tum
322 2305 481 2362 longo
502 2317 599 2349 usu
618 2303 864 2361 loquendi
884 2305 1178 2360 corruptam
1198 2317 1312 2350 esse
1332 2319 1528 2362 vocem,
1552 2309 1603 2352 et
1625 2318 1694 2352 ex
1713 2306 1790 2350 be·-

193 2372 436 2418 daenm‘bus
454 2372 677 2416 bidentes
700 2371 913 2416 factum:
952 2371 1198 2429 quoniam
1215 2371 1268 2416 id
1291 2371 1560 2418 videbatur
1579 2365 1690 2418 esse
1713 2371 1787 2416 di-

194 2441 281 2488 ctu
312 2437 520 2484 facilius
546 2437 833 2492 leniusque.
910 2427 986 2483 (4.
1022 2437 1245 2496 Higinus
1273 2440 1442 2485 tamen
1473 2439 1658 2492 lulius,
1699 2436 1788 2494 qui

192 2505 273 2552 ius
300 2505 615 2562 pontificium
644 2517 747 2549 non
780 2503 985 2551 videtur
1012 2504 1308 2563 ignorasse,
1347 2505 1402 2551 in
1423 2509 1604 2564 quarto
1628 2505 1790 2550 libro-

191 2586 329 2626 rum,
366 2586 493 2629 quos
514 2573 591 2619 De
612 2570 837 2630 Virgilio
872 2573 1021 2629 fecit,
1058 2573 1282 2619 bidentes
1304 2574 1558 2630 appellari
1581 2571 1790 2629 scripsit

193 2639 405 2692 hostias,
426 2654 559 2696 quae
579 2653 671 2698 per
692 2640 911 2686 aetatem
933 2640 1061 2685 duos
1084 2639 1264 2686 dentes
1285 2640 1500 2701 altiores
1520 2642 1786 2688 haberent.

197 2709 275 2752 15.
317 2709 477 2752 verba
497 2707 644 2754 illius
664 2706 777 2764 ipsa
796 2707 974 2766 posui:
1014 2708 1160 2764 Quae
1181 2707 1352 2756 bidens
1375 2715 1470 2765 eat,
1493 2708 1674 2766 inquit,
1695 2708 1788 2756 leo-
