2134 3091
725 209 886 256 1218.
926 209 1002 254 11.
1077 209 1253 256 cAP.
1298 213 1375 258 3⁰.
1789 205 1857 258 75

254 327 403 375 amici
434 341 545 374 eum
575 323 896 384 propinquis.
967 325 1170 371 Afferes
1197 326 1363 384 prima
1382 327 1499 373 luce
1522 327 1687 375 falces
1710 329 1852 388 duas:

253 409 406 442 unam
428 395 633 452 egomet
652 392 795 448 mihi,
826 396 878 438 et
897 394 951 436 tu
973 393 1069 438 tibi
1092 393 1265 450 capies
1286 393 1526 452 alteram3
1563 399 1616 441 et
1636 398 1863 442 frumen-

252 464 359 508 tum
389 459 713 517 nosmetipsi
734 459 966 505 manibus
989 460 1185 506 nostris
1215 473 1326 506 eras
1347 464 1613 520 metemus.
1687 465 1765 508 15.
1803 465 1858 508 ld

255 528 342 574 ubi
371 542 436 573 ex
469 527 632 586 pullis
663 526 862 572 dixisse
893 525 1151 572 dominum
1171 529 1333 573 mater
1352 528 1576 574 audivit:
1618 529 1859 588 Tempus,

254 594 439 652 inquit,
470 598 551 656 est
577 593 791 640 cedendi
827 598 878 639 et
907 593 1155 639 abeundi:
1196 595 1282 640 flet
1311 607 1446 640 nnnc
1478 594 1633 642 dubio
1656 597 1858 654 procul,

254 662 388 718 quod
411 663 636 707 futurum
659 660 820 706 dixit:
861 661 916 706 in
936 660 1048 717 ipso
1072 659 1209 706 enim
1230 661 1332 706 iam
1351 661 1599 716 vertitur,
1638 661 1755 708 cuia
1780 665 1859 708 est

251 741 351 783 res,
372 741 476 773 non
497 728 553 775 in
573 726 699 786 alio,
721 727 857 773 unde
877 727 1091 787 petitur.
1165 728 1244 773 16.
1286 729 1448 785 Atque
1470 729 1543 775 ita
1566 729 1755 775 cassita
1775 729 1859 774 ni·

253 795 372 840 dum
390 795 654 853 migravit,
678 797 730 839 et
752 807 898 852 seges
922 807 951 839 a
973 794 1181 841 domino
1205 795 1439 842 demessa
1458 799 1555 842 est.
1611 797 1688 842 17.
1718 797 1857 842 Haec

251 861 453 918 quidem
474 866 553 908 est
573 860 768 918 Aesopi
797 862 974 907 fabula
994 861 1057 906 de
1078 861 1355 908 amicorum
1376 867 1425 908 et
1447 862 1855 921 propinquorum

249 929 353 974 levi
384 923 732 992 [plerumque]
774 929 826 973 et
855 927 1002 972 inani
1030 928 1232 974 fiducia.
1312 931 1388 974 18.
1426 930 1529 975 Sed
1556 930 1679 986 quid
1708 929 1853 976 aliud

248 995 536 1040 sanctiores
562 994 690 1040 libri
710 993 1139 1052 philosophorum
1161 998 1373 1041 monent
1387 1029 1399 1053 ‚
1434 1010 1587 1053 quam
1605 996 1737 1042 utin
1756 1010 1851 1041 no-

247 1062 326 1105 bis
337 1065 532 1106 tantum
544 1061 674 1118 ipsis
688 1060 936 1117 nitamur3
967 1064 1041 1105 19.
1055 1060 1161 1106 alia
1174 1065 1342 1106 autem
1354 1062 1543 1118 omnia,
1558 1075 1689 1119 quae
1704 1066 1850 1108 extra

247 1141 344 1172 nos
365 1130 616 1184 extraque
636 1129 870 1172 nostrum
892 1127 1162 1172 arbitrium
1183 1131 1325 1182 sunt,
1340 1141 1505 1184 neque
1526 1142 1619 1186 pro
1641 1130 1852 1184 nostris,

248 1207 416 1250 neque
434 1207 525 1252 pro
549 1193 699 1238 nobis
721 1193 996 1239 ducamus?
1067 1195 1149 1239 20.
1184 1195 1334 1239 Hune
1353 1194 1549 1252 Aesopi
1577 1195 1854 1253 apologum

250 1263 312 1314 Q.
336 1260 538 1306 Ennius
566 1260 618 1304 in
637 1259 840 1318 Satyris
865 1259 994 1306 scite
1015 1259 1285 1306 admodum
1308 1264 1359 1306 et
1380 1264 1596 1308 venuste
1618 1263 1853 1308 versibus

248 1327 514 1384 quadratis
555 1325 867 1385 composuit:
907 1339 1127 1384 quorum
1166 1329 1267 1374 duo
1305 1328 1552 1386 postremi
1592 1327 1685 1374 isti
1719 1331 1853 1388 sunt,

247 1407 374 1450 quos
394 1394 580 1440 habere
609 1393 756 1440 cordi
777 1396 828 1439 et
847 1394 1127 1440 memoriae
1148 1407 1337 1454 operae
1357 1396 1577 1454 pretium
1600 1408 1715 1442 esse
1736 1396 1851 1442 her·

249 1463 330 1508 cle
349 1464 496 1519 puto:

323 1529 436 1576 Hoc
455 1531 557 1575 erit
580 1529 678 1577 ube·
693 1535 1049 1591 argumentum
1072 1544 1277 1589 semper
1294 1533 1348 1577 in
1364 1537 1577 1591 promtu
1599 1534 1779 1578 situm:

317 1596 395 1642 Ne
417 1598 538 1658 quid
554 1606 826 1657 exspectes
846 1600 1056 1659 amieos,
1088 1598 1223 1659 quod
1243 1604 1349 1645 tute
1372 1612 1529 1659 agere
1544 1603 1764 1659 possiem

735 1718 1106 1771 CAPUT
1175 1719 1371 1771 XXX.

309 1801 426 1851 Quia
441 1802 736 1847 observatum
753 1802 814 1845 sit
833 1802 883 1845 in
898 1806 1128 1845 undarum
1144 1802 1364 1852 motibus,
1397 1816 1511 1859 quae
1537 1801 1587 1844 in
1612 1802 1739 1845 mari
1758 1802 1853 1845 alto

360 1864 496 1915 atque
514 1858 608 1901 also
629 1862 763 1903 modo
775 1857 922 1914 fiunt,
944 1856 1125 1902 Austris
1137 1857 1371 1911 flantibus
1388 1858 1779 1915 Aquilonibusque.

321 1935 364 1979 1.
403 1935 516 1981 Hoc
553 1948 922 1993 saepenumero
961 1934 1016 1979 in
1056 1934 1311 1979 undarum
1346 1936 1489 1979 motu
1528 1922 1853 1980 ob'servatum

250 2002 346 2055 est,
366 2014 491 2056 quas
512 2001 782 2057 aquilones
805 2000 966 2056 venti,
983 2000 1175 2059 quique
1196 2014 1264 2046 ex
1286 2002 1461 2047 eadem
1484 2000 1623 2047 coeli
1640 2001 1857 2058 regione

251 2067 343 2111 aer
381 2066 520 2123 fluit,
561 2080 751 2123 quasve
792 2068 991 2113 faciunt
1027 2068 1083 2112 in
1121 2066 1251 2112 mari
1280 2068 1457 2113 Austri
1486 2069 1640 2123 atque
1669 2066 1855 2113 Africi.

249 2135 298 2177 2.
335 2134 466 2178 Nam
488 2132 698 2189 fluctus,
731 2133 817 2189 qui
839 2134 991 2179 flante
1014 2133 1272 2190 Aquilone
1290 2133 1505 2179 maximi
1527 2147 1587 2179 ae
1608 2133 1857 2179 creberri-

247 2198 318 2245 mi
341 2198 654 2255 excitantur,
670 2198 823 2244 simul
845 2213 904 2245 ae
924 2203 1108 2245 ventus
1128 2198 1322 2257 posuit,
1339 2202 1641 2246 sternuntur
1656 2213 1715 2245 ac
1736 2214 1857 2245 con-

249 2267 588 2319 flaccescunt,
629 2268 681 2311 et
711 2279 832 2311 mox
867 2266 1054 2311 fluctus
1086 2279 1201 2311 esse
1233 2265 1493 2311 desinunt.
1567 2268 1611 2311 3.
1650 2267 1719 2313 At
1752 2280 1859 2312 non

248 2332 382 2378 idem
415 2333 466 2379 fit
495 2334 650 2378 flante
679 2335 869 2379 Austro
902 2333 983 2377 vel
1012 2332 1218 2377 Africo:
1258 2333 1442 2387 quibus
1474 2332 1573 2378 iam
1596 2333 1725 2378 nihil
1750 2334 1855 2391 spi-

246 2400 490 2445 rantibus
511 2401 682 2445 undae
711 2404 881 2445 tamen
905 2401 1071 2445 factae
1099 2398 1299 2447 diutius
1319 2403 1542 2456 tument,
1576 2404 1628 2445 et
1648 2414 1677 2444 a
1698 2404 1854 2446 vento

247 2466 450 2524 quidem
482 2465 778 2513 iamdudum
805 2466 1119 2524 tranquillae
1142 2471 1287 2524 sunt3
1327 2468 1415 2513 sed
1434 2480 1575 2513 mare
1596 2472 1675 2511 est
1698 2467 1852 2512 etiam

248 2536 400 2589 atque
418 2532 572 2580 etiam
595 2534 980 2581 undabundum.
1049 2535 1099 2578 4.
1138 2533 1267 2579 Eius
1296 2532 1376 2579 rei
1404 2547 1559 2580 causa
1588 2547 1703 2579 esse
1733 2548 1857 2579 con-

247 2599 498 2659 iectatur,
537 2602 672 2658 quod
699 2601 843 2647 venti
872 2614 902 2646 a
937 2600 1391 2658 septemtrionibus
1423 2615 1486 2647 ex
1512 2600 1699 2647 altiore
1720 2599 1857 2646 coeli

246 2669 392 2724 parte
421 2666 475 2712 in
501 2682 642 2713 mare
673 2667 960 2713 incidentes
990 2668 1229 2713 deorsum
1260 2668 1314 2713 in
1335 2672 1578 2724 aquarum
1599 2668 1855 2725 profunda

250 2732 394 2790 quasi
415 2734 726 2795 praecipites
749 2736 1065 2795 deferuntur,
1080 2735 1344 2792 undasque
1366 2735 1564 2783 faciunt
1582 2749 1687 2781 non
1708 2747 1855 2793 pror·-
