2134 3091
252 170 352 221 228
751 175 961 221 AULI
1034 174 1352 220 GELLH

252 305 479 353 gressus,
500 304 614 339 cum
636 292 883 337 Romanis
904 291 1222 349 depugnavit
1243 292 1486 337 adversus
1507 290 1734 338 Manium
1751 292 1825 338 Cu

249 360 414 417 rium,
446 359 502 405 in
530 372 594 405 eo
621 358 763 405 bello
794 358 989 405 ducem.
1062 360 1142 405 17.
1176 359 1422 417 Argivum
1452 361 1622 404 autem
1641 359 1851 417 bellum,

250 425 307 473 id
335 428 415 471 est
444 424 743 484 Achaicum,
782 424 960 471 multis
980 427 1099 482 post
1121 426 1270 471 annis
1292 438 1322 471 a
1342 426 1399 471 L.
1426 425 1674 473 Mummio
1691 426 1855 485 Impe-

250 494 425 539 ratore
446 495 643 551 gestum
668 494 762 537 est.
811 493 893 537 18.
914 492 1112 550 Potest,
1131 492 1315 550 inquit,
1338 492 1498 550 igitur
1516 492 1716 539 medius
1738 492 1856 539 exi-

254 559 327 605 mi
350 572 548 617 versus,
570 558 657 616 qui
680 559 741 605 de
760 557 961 617 Pyrrho
982 558 1276 617 importune
1299 558 1556 606 immissus
1579 562 1676 618 est,
1709 572 1856 617 quem

253 624 511 686 Virgilius
530 624 716 685 procul
736 624 890 673 dubio
912 628 1232 685 exemturus‚
1254 626 1440 686 inquit,
1464 625 1582 672 fuit.

736 769 1106 821 CAPUT
1177 768 1384 822 xvll.

314 850 461 901 Quam
478 850 536 895 ob
556 866 739 897 causam
757 860 805 897 et
822 854 951 911 quali
962 856 1099 897 modo
1115 852 1400 898 Democritus
1414 852 1716 909 philosophus
1726 852 1860 896 lumi·

365 908 494 952 nibus
512 911 749 953 oculorum
764 924 853 953 sese
864 908 1152 966 privaverit-.-
1185 916 1231 952 et
1248 922 1382 965 super
1401 924 1457 952 ea
1475 923 1524 952 re
1541 921 1691 952 versus
1711 908 1860 953 Labe-

366 964 442 1015 rii,
456 977 573 1020 pure
592 968 837 1011 admodum
854 972 901 1009 et
918 972 1100 1009 venuste
1107 964 1260 1021 facti.

328 1058 374 1103 1.
409 1058 763 1105 Democritum
784 1059 1150 1119 philosophum
1169 1058 1224 1104 in
1243 1058 1590 1106 monumentis
1611 1058 1860 1106 historiae

258 1126 485 1172 Graecae
506 1126 753 1185 scriptum
774 1130 879 1187 est,
922 1126 1091 1174 virum
1111 1128 1315 1184 praeter
1333 1127 1473 1173 alios
1494 1126 1860 1184 venerandum,

258 1191 667 1250 auctoritateque
696 1193 909 1251 antiqua
934 1193 1248 1252 praeditum,
1287 1192 1570 1241 luminibus
1593 1193 1864 1239 oculorum

258 1272 353 1305 sua
384 1263 567 1317 sponte
597 1274 652 1307 se
679 1260 936 1319 privasse,
979 1260 1101 1320 quia
1129 1260 1476 1319 existimaret,
1517 1260 1862 1319 cogitationes

258 1325 819 1385 commentationesque
846 1327 1007 1374 animi
1027 1328 1112 1374 sui
1134 1328 1188 1373 iu
1212 1327 1620 1385 contemplandis
1643 1330 1862 1373 naturae

257 1392 549 1440 rationibus
575 1394 871 1452 vegetiores
901 1397 952 1440 et
982 1394 1274 1441 exactiores
1294 1394 1432 1453 fore,
1479 1393 1525 1440 si
1545 1407 1632 1439 eas
1654 1392 1861 1439 videndi

258 1458 525 1505 illecebris
554 1462 607 1505 et
633 1461 905 1507 oculorum
940 1460 1320 1518 impedimentis
1356 1460 1645 1507 liberasset.
1714 1461 1762 1505 2.
1801 1460 1861 1505 Id

259 1526 451 1570 factum
471 1526 916 1586 eius,modumque
936 1527 1122 1590 ipsum,
1137 1542 1236 1586 quo
1259 1528 1558 1576 caecitatem
1580 1526 1733 1574 facile
1749 1527 1860 1573 sol-

256 1591 414 1637 lertia
444 1592 783 1639 subtilissima
812 1594 1096 1655 conscivit,
1136 1595 1383 1642 Laberius
1419 1597 1574 1655 poeta
1605 1594 1658 1640 in
1689 1594 1860 1648 mimo,

258 1672 404 1716 quem
439 1657 649 1716 scripsit
669 1661 986 1720 Restionem,
1028 1663 1262 1709 versibus
1294 1663 1498 1719 quidem
1529 1662 1656 1708 satis
1675 1661 1860 1707 munde

258 1729 409 1782 atque
437 1725 681 1784 graphice
711 1727 891 1786 factis,
934 1728 1232 1788 descripsit3
1275 1730 1368 1775 sed
1392 1742 1594 1776 causam
1616 1729 1862 1775 volunta-

256 1791 369 1838 riae
392 1792 658 1838 caecitatis
673 1794 823 1841 finxit
842 1795 1021 1843 aliam:
1059 1797 1318 1852 vertitque
1338 1797 1392 1842 in
1417 1810 1528 1843 eam
1547 1809 1672 1854 rem,
1709 1809 1861 1852 quam

256 1861 362 1903 tum
395 1860 601 1916 agebat,
638 1873 742 1907 non
772 1861 1170 1910 inconcinniter.
1243 1859 1291 1908 3⁶
1331 1865 1426 1910 Est
1453 1863 1590 1908 enim
1619 1875 1860 1920 persona,

257 1938 387 1981 quae
424 1925 523 1972 hoc
562 1926 695 1985 apud
729 1929 1003 1975 Laberium
1041 1929 1195 1985 dicit,
1233 1929 1412 1976 divitis
1447 1929 1593 1975 avari
1621 1933 1674 1975 et
1699 1929 1860 1988 parci,

258 1996 477 2038 sumtum
504 1993 781 2051 plurimum
811 1995 1127 2053 asotiamque
1168 1992 1244 2060 [et
1279 1992 1690 2059 popinationem]
1733 1997 1862 2042 ado-

200 2081 206 2088 ·
255 2057 501 2105 lescentis
523 2061 619 2106 filii
639 2059 975 2119 deplorantis.
1044 2066 1095 2108 4.
1131 2064 1322 2110 Versus
1344 2063 1622 2110 Laberiani
1643 2063 1694 2108 hi
1716 2067 1834 2110 sunt
1850 2076 1868 2110 ·.

324 2162 652 2208 Democritus
670 2161 957 2217 Abderites,
974 2163 1224 2223 physicus
1234 2163 1593 2224 philosophus,

327 2229 571 2288 clypeum
592 2231 863 2276 constituit
880 2235 1067 2276 contra
1085 2237 1327 2278 exortum
1347 2233 1684 2293 Hyperionis,

325 2295 512 2342 Oculos
532 2295 761 2356 effodere
780 2302 838 2342 ut
851 2304 1038 2356 posset
1052 2299 1326 2357 splendore
1345 2313 1520 2346 aereo.

324 2362 359 2407 Ι
358 2368 415 2407 ta
436 2363 603 2408 radiis
622 2363 751 2410 solis
770 2365 931 2410 aciem
950 2365 1138 2426 effodit
1157 2366 1378 2426 luaeui‘m's,

324 2427 487 2476 Malis
508 2429 629 2474 bene
648 2442 759 2476 esse
777 2443 839 2476 nc
858 2431 1059 2479 videret
1075 2433 1286 2479 civibus.

326 2494 413 2540 Sic
434 2509 522 2555 ego
533 2495 794 2556 fulgentis
812 2497 1132 2556 splendorem
1147 2502 1403 2557 pecuniae

334 2561 461 2606 Volo
486 2559 759 2618 lucfficare
778 2565 990 2611 eit-ieiune
1012 2567 1186 2611 aetati
1200 2580 1344 2611 meuc
1359 2585 1381 2620 ,·

324 2625 399 2670 Ne
422 2629 473 2672 in
497 2641 555 2673 re
576 2629 709 2675 bona
729 2643 838 2678 esse
858 2631 1057 2677 videam
1077 2630 1477 2692 neqnamfilv’um
