2134 3091
291 220 393 273 316
781 226 995 271 AULI
1066 224 1400 272 GELLII.

293 339 460 386 nescit
482 340 859 399 adolescitque3
901 341 1021 387 hinc
1040 342 1291 389 videlicet
1319 340 1421 387 sibi
1448 338 1803 399 argumentum
1828 338 1896 383 ad

292 408 700 463 persuadendum
729 408 1019 467 paravisse,
1056 412 1114 454 ut
1134 409 1482 466 crederemus,
1523 406 1696 452 omnia
1721 419 1900 451 rerum

292 474 623 521 humanarum
638 507 654 530 ‚
688 480 740 521 et
761 488 920 533 parva
940 477 991 519 et
1009 476 1262 531 maxima,
1289 477 1531 531 tanquam
1550 473 1721 519 stellis
1735 476 1902 529 “atque

295 540 552 586 sideribus
584 542 815 596 evincta,
856 541 974 586 duci
1002 543 1055 586 et
1083 540 1214 599 regi.
1270 544 1336 589 -4.
1381 542 1511 586 Esse
1539 542 1710 585 autem
1744 540 1902 585 nimis

299 621 447 664 quam
470 607 699 665 ineptum
720 608 1090 664 absurdumque
1104 642 1117 665 ‚
1146 610 1228 668 ut,
1261 608 1500 666 quoniam
1519 609 1694 651 aestus
1715 606 1902 651 oceani

298 688 411 719 cum
440 674 592 719 lunae
622 674 882 719 curriculo
914 674 1178 731 congruit,
1220 675 1485 732 negotium
1512 686 1712 730 quoque
1734 674 1902 719 alicu-

298 742 408 797 ius,
449 741 585 796 quod
607 740 655 786 ei
679 742 813 785 forte
836 740 898 784 de
918 754 1078 797 aquae
1102 742 1258 787 ductu
1279 756 1392 787 cum
1409 740 1658 786 rivalibus
1673 772 1686 797 ,
1727 744 1820 785 aut
1839 740 1902 784 de

300 808 555 851 communi
574 806 772 864 pariete
794 820 901 851 cum
929 806 1099 853 vicino
1121 808 1255 865 apud
1277 807 1500 853 iudicem
1519 810 1616 861 est,
1635 809 1693 851 ut
1712 806 1904 852 existi-

300 886 520 929 memus,
552 873 605 918 id
630 872 894 931 negotium
915 873 1063 931 quasi
1081 874 1280 921 habena
1298 875 1510 931 quadam
1532 872 1593 919 de
1614 874 1763 919 coelo
1788 873 1903 917 vin-

302 944 438 985 ctum
455 940 749 997 gubernari.
812 943 859 985 5.
899 941 1047 994 Quod
1071 942 1170 987 etsi
1194 941 1243 987 vi
1265 944 1318 986 et
1336 942 1540 986 ratione
1561 942 1798 997 quapiam
1822 939 1903 984 di-

302 1006 423 1051 vina
452 1006 561 1053 fieri
592 1010 789 1066 potest,
826 1020 1142 1065 nequaquam
1169 1010 1341 1053 tamen
1367 1008 1420 1053 id
1451 1008 1692 1053 censebat
1713 1008 1765 1052 in
1797 1010 1902 1051 tam

302 1074 447 1120 brevi
469 1075 763 1133 exiguoque
784 1072 922 1120 vitae
944 1074 1129 1132 spatio,
1149 1075 1424 1132 quantovis
1445 1074 1667 1119 hominis
1689 1074 1900 1132 ingenio

307 1142 667 1198 comprehendi
707 1153 859 1199 posse
899 1143 953 1186 et
988 1141 1189 1200 percipi
1209 1158 1223 1199 3
1285 1142 1375 1187 sed
1414 1140 1699 1187 coniectari
1740 1152 1904 1199 pauca

305 1207 550 1265 quaedam
566 1240 581 1262 ,
621 1211 677 1253 ut
697 1210 855 1254 verbo
876 1207 1040 1265 ipsius
1060 1211 1204 1266 utar,
1241 1206 1710 1270 παχυμερέστερον,
1750 1208 1900 1253 nullo

305 1276 553 1321 scientiae
575 1276 736 1321 fundo
758 1278 1031 1331 concepta,
1060 1276 1150 1320 scd
1173 1276 1288 1320 fusa
1308 1277 1360 1319 et
1377 1286 1508 1332 vaga
1529 1277 1582 1319 et
1601 1274 1901 1331 arbitraria3

307 1341 474 1399 qualis
499 1343 783 1400 longinqua
803 1342 1072 1387 oculorum
1091 1341 1229 1386 acics
1251 1343 1353 1397 est,
1387 1354 1478 1398 per
1499 1342 1777 1387 intervalla
1797 1354 1904 1386 me-

305 1409 391 1454 dia
412 1407 760 1466 caligantium.
806 1410 853 1454 6.
880 1408 1024 1453 Tolli
1044 1408 1197 1465 enim,
1219 1402 1353 1464 quod
1376 1407 1600 1453 maxime
1620 1406 1760 1453 inter
1780 1409 1902 1454 deos

306 1478 457 1530 atque
476 1475 707 1521 homines
732 1474 919 1534 differt,
940 1475 985 1519 si
1004 1474 1240 1521 homines
1260 1488 1462 1532 quoque
1480 1488 1564 1520 res
1589 1487 1764 1521 omnes
1788 1477 1908 1533 post

307 1543 507 1588 futuras
528 1543 943 1600 praenoscerent.
1012 1543 1061 1587 7.
1109 1544 1273 1599 Ipsam
1305 1542 1489 1588 deinde
1519 1542 1745 1588 siderum
1778 1542 1905 1588 stel-

303 1609 571 1663 larumque
593 1608 1031 1665 observationem,
1073 1621 1224 1665 quam
1245 1621 1359 1655 esse
1381 1609 1635 1667 originem
1656 1609 1904 1655 scientiae

304 1688 427 1720 suae
448 1675 831 1732 praedicarent,
870 1675 1488 1734 haudquaquam'putabat
1509 1676 1706 1734 liquide
1725 1677 1906 1722 consi-

306 1745 463 1788 stere.
532 1745 581 1787 8.
619 1744 749 1788 Nam
768 1741 814 1788 si
834 1741 1098 1800 principes
1120 1743 1388 1799 Chaldaei,
1422 1743 1508 1800 qui
1531 1743 1585 1789 in
1606 1744 1904 1802 patentibus

304 1808 493 1865 campis
516 1810 769 1865 colebant,
808 1809 1072 1854 stellarum
1096 1813 1262 1854 motus
1284 1814 1336 1855 et
1353 1810 1464 1856 vias
1485 1812 1539 1856 et
1558 1811 1904 1856 discessiones

306 1878 359 1920 et
379 1879 555 1921 coetus
586 1877 875 1930 intuentes,
916 1876 1036 1933 quid
1062 1889 1130 1922 ex
1151 1877 1218 1922 iis
1241 1879 1551 1933 efficeretur,
1593 1879 1906 1924 observave-

303 1945 449 2001 runt3
488 1944 747 2002 procedat,
778 1943 961 2000 inquit,
989 1943 1114 1988 haec
1135 1957 1258 1990 sane
1279 1943 1586 2002 disciplina,
1616 1946 1708 1990 sed
1731 1947 1824 1990 sub
1846 1959 1907 1991 ea

304 2010 457 2056 modo
480 2010 818 2057 inclinatione
840 2010 993 2062 coeli,
1026 2011 1238 2068 subqua
1259 2013 1380 2055 tunc
1404 2011 1645 2057 Chaldaei
1670 2013 1903 2057 fuerunt:

304 2089 410 2122 non
430 2077 566 2123 enim
586 2081 780 2135 potest,
813 2077 997 2135 inquit,
1032 2077 1168 2123 ratio
1189 2077 1560 2123 Chaldaeorum
1583 2079 1906 2124 observatio·
1925 2079 1930 2083 ’

304 2143 385 2189 nis
416 2157 646 2200 manere,
678 2144 725 2188 si
752 2145 865 2201 quis
886 2158 950 2190 ea-
964 2143 1041 2188 uti
1062 2144 1192 2189 velit
1214 2147 1306 2190 sub
1331 2144 1551 2190 diversis
1573 2145 1709 2190 coeli
1732 2145 1904 2202 regio-

304 2211 471 2256 nibus-
527 2214 655 2258 Nam
676 2214 883 2268 quanta,
905 2211 1090 2269 inquit,
1114 2211 1333 2268 partium
1355 2211 1766 2268 circulorumque
1789 2219 1908 2258 coe·

304 2277 347 2322 li
376 2290 444 2322 ex
475 2277 807 2335 devergentia
834 2280 887 2322 et
924 2277 1338 2323 convexionibus
1367 2278 1546 2323 mundi
1575 2279 1802 2323 varietas
1821 2278 1904 2339 sit,

305 2345 421 2400 quis
462 2357 567 2388 non
606 2344 747 2388 videt
764 2345 785 2388 ἓ
855 2347 903 2388 9.
941 2343 1162 2388 Eaedem
1203 2344 1364 2401 igitur
1401 2345 1614 2403 stellae,
1656 2358 1746 2402 per
1782 2357 1904 2401 quas

304 2409 477 2456 omnia
498 2410 673 2455 divina
690 2410 1006 2466 humanaque
1028 2409 1138 2455 lieri
1161 2412 1490 2466 contendunt,
1515 2411 1671 2456 sicuti
1693 2423 1797 2456 non
1819 2424 1906 2457 us-

306 2489 601 2534 quequaque
634 2477 847 2536 pruinas
876 2479 965 2522 aut
996 2477 1198 2523 calores
1220 2480 1373 2535 cient,
1415 2479 1506 2524 sed
1525 2479 1724 2522 mutant
1745 2481 1798 2522 et
1815 2491 1908 2523 va·-

303 2545 465 2604 riant‚
505 2545 933 2600 tempestatesque
962 2542 1140 2588 eodem
1173 2543 1226 2588 in
1248 2547 1478 2602 tempore
1509 2543 1635 2589 alibi
1657 2544 1905 2602 placidas,

307 2609 434 2653 alibi
470 2609 730 2654 violentas
759 2612 989 2654 movent:
1036 2621 1130 2653 cur
1154 2623 1258 2654 non
1287 2615 1474 2656 eventa
1505 2622 1708 2667 quoque
1737 2623 1906 2655 rerum

306 2686 366 2718 ac
384 2674 706 2729 negotiorum
730 2675 835 2719 alia
856 2673 1080 2719 efficiunt
1103 2675 1156 2720 in
1177 2675 1469 2735 Chaldaeis,
1505 2676 1612 2720 alia
1631 2676 1685 2721 in
1709 2677 1905 2721 Gaetu-

304 2737 386 2786 lis,
409 2738 515 2782 alia
534 2740 667 2794 apud
687 2740 992 2798 Danubium,
1015 2739 1121 2784 alia
1145 2743 1279 2798 apud
1299 2742 1508 2788 Nilumi
1572 2744 1653 2788 10.
1691 2742 1792 2788 Per
1811 2755 1898 2787 au·
