2134 3091
283 185 352 237 ⁷6
786 189 998 237 AULI
1069 187 1381 234 GELLH

287 321 374 370 sus
411 305 684 366 impulsas,
724 307 817 352 sed
851 306 904 352 vi
941 305 1083 351 intus
1121 308 1419 351 commotas:
1458 314 1589 360 quae
1626 301 1878 361 tantisper

286 377 462 420 erutae
493 373 798 428 volvuntur,
833 373 950 418 dum
980 371 1128 417 illius
1149 371 1307 418 infusi
1330 371 1545 426 desuper
1567 369 1778 428 spiritus
1800 369 1878 414 vis

283 443 468 486 manet.
540 441 586 486 5.
625 438 803 486 Austri
838 452 962 484 vero
995 441 1048 484 et
1083 437 1252 485 Africi
1280 438 1348 483 ad
1371 435 1707 482 meridianum
1741 435 1880 481 orbis

283 505 528 554 circulum
550 509 702 564 atque
719 506 784 552 ad
804 509 1000 564 partem
1019 505 1137 551 axis
1157 505 1379 550 infimam
1397 502 1645 559 depressi,
1658 501 1881 548 inferio-

282 587 366 619 res
389 577 438 618 et
459 573 706 631 humiles,
743 586 836 630 per
857 584 1093 629 suprema
1112 570 1351 628 aequoris
1372 574 1551 614 euntes
1572 569 1880 626 protrudunt

280 639 444 698 magis
467 641 666 694 fluctus,
688 653 837 696 quam
859 640 1066 684 eruunt:
1108 642 1159 683 et
1187 637 1381 683 idcirco
1402 647 1506 680 non
1528 635 1747 694 desuper
1768 636 1879 681 lae-

283 720 397 765 sae,
440 707 526 752 sed
555 705 834 764 propulsae
863 704 916 749 in
946 704 1215 750 adversum
1242 715 1401 761 aquae
1423 702 1579 748 etiam
1598 701 1879 748 desistente

282 775 408 819 flatu
435 773 664 818 retinent
693 770 1070 829 aliquantisper
1096 771 1156 816 de
1184 769 1405 828 pristino
1433 768 1583 826 pulsu
1618 768 1878 826 impetum.

283 843 330 884 6.
369 841 421 884 Id
456 841 626 884 autem
655 838 846 895 ipsum,
885 838 1018 894 quod
1039 836 1282 895 dicimus,
1327 848 1393 881 ex
1418 834 1527 881 illis
1548 849 1749 892 quoque
1770 837 1880 880 Ho-

283 905 490 950 mericis
512 905 764 962 versibus,
795 903 840 950 si
860 905 972 960 quis
993 917 1100 949 non
1124 903 1385 950 incuriose
1406 901 1567 960 legat,
1596 901 1879 948 adminicu-

279 971 378 1018 lari
401 974 587 1028 potest.
660 974 706 1016 Ἰ.
742 973 871 1017 Nam
892 970 954 1016 de
973 970 1155 1016 Austri
1176 971 1380 1015 flatibus
1401 967 1475 1014 ita
1494 968 1723 1026 scripsit:

343 1033 514 1082 ''Erssa
537 1031 683 1089 νότος
705 1031 915 1082 πόντοιο
939 1035 1170 1082 studuit-a
1192 1035 1263 1088 εἰς
1284 1029 1416 1081 isim·
1435 1029 1594 1095 ,ὥθἐἶ.

278 1108 326 1149 8.
352 1105 542 1150 Contra
563 1108 732 1151 autem
756 1105 816 1151 de
837 1105 1015 1166 Borea,
1037 1118 1184 1162 quem
1207 1103 1519 1162 Aquilonem
1540 1101 1878 1163 appellamus,

277 1171 384 1216 alio
407 1172 533 1218 dicit
551 1173 728 1219 modo:

344 1237 402 1282 K
401 1236 455 1282 αὶ
473 1239 661 1302 βορέης
679 1236 1051 1301 αἰθρηγενέτης
1071 1237 1206 1301 μέγα
1226 1235 1362 1299 κῦμα
1382 1231 1644 1282 κυλίνδων.

277 1325 324 1366 9.
363 1323 439 1367 Ab
460 1320 806 1377 Aquilonibus
827 1323 992 1378 enim,
1031 1322 1119 1379 qui
1148 1320 1244 1366 alti
1265 1319 1579 1378 supernique
1599 1320 1746 1379 sunt,
1785 1320 1879 1364 flu.

277 1391 388 1434 ctus
410 1388 668 1434 excitatos
688 1389 830 1445 quasi
851 1404 944 1446 per
962 1402 1126 1446 prona
1148 1387 1290 1432 volvi
1312 1386 1463 1444 dicit;
1484 1388 1546 1432 ab
1564 1385 1767 1432 Austris
1788 1400 1880 1431 au-

276 1460 377 1502 tem
400 1454 497 1511 iis,
526 1455 614 1511 qui
633 1455 938 1500 humiliores
958 1458 1099 1508 sunt,
1127 1454 1321 1500 maiore
1342 1453 1395 1498 vi
1414 1453 1630 1510 quadam
1651 1451 1880 1511 propelli

280 1527 510 1581 sursum,
538 1525 689 1581 atque
717 1517 966 1582 [rursum]
990 1520 1193 1567 subiici.
1268 1521 1343 1567 10.
1381 1522 1435 1567 Id
1466 1519 1605 1567 enim
1626 1519 1881 1579 significat

278 1592 489 1636 verbum
513 1583 670 1643 ὠθεῖς
710 1588 845 1634 sicut
865 1588 920 1634 in
945 1587 1051 1633 alio
1074 1587 1193 1633 loco
1214 1582 1341 1631 λαάν
1363 1580 1465 1632 α”νω
1490 1581 1640 1634 ὠθεῖ.
1715 1588 1792 1635 11.
1822 1588 1878 1633 ld

277 1671 478 1713 quoque
500 1671 530 1702 a
551 1655 878 1714 peritissimis
897 1668 1065 1700 rerum
1086 1654 1409 1713 philosophis
1431 1656 1760 1700 observatum
1782 1657 1878 1713 est,

276 1723 483 1769 Austris
522 1721 836 1781 spirantibus
872 1732 1010 1765 mare
1047 1720 1157 1766 fieri
1194 1720 1427 1779 glaucum
1475 1723 1527 1766 et
1566 1721 1877 1780 caeruleum,

277 1789 623 1847 Aquilonibus
644 1788 913 1835 obscurius
935 1786 1219 1844 atriusque:
1260 1786 1404 1832 cuius
1424 1787 1505 1833 rei
1526 1801 1744 1846 causam,
1768 1802 1879 1834 cum

279 1855 585 1913 Aristotelis
612 1854 777 1900 libros
807 1854 1182 1900 Problematum
1209 1854 1639 1913 praecerpsimus,
1670 1856 1878 1901 notavi:

284 1926 393 1968 Cur
415 1920 604 1967 Austro
636 1926 873 1979 sepo-ante
894 1936 1037 1966 mare
1059 1921 1355 1967 caeruleum
1367 1917 1499 1977 fiat,
1521 1920 1773 1981 Aquilone
1793 1924 1880 1967 ob·

280 1990 482 2036 scurias
515 1984 820 2048 utriusque?
887 1986 964 2033 An
990 1993 1313 2046 propterea,
1350 1989 1485 2046 quod
1502 1988 1685 2049 Aquilo
1715 1992 1877 2035 minus

281 2069 426 2101 mare
449 2050 772 2114 perturbat?
843 2054 997 2100 Omne
1027 2062 1225 2114 autem,
1266 2054 1401 2115 quod
1419 2056 1759 2118 tranquillius
1781 2064 1878 2111 est,

280 2130 454 2168 aerum
476 2136 585 2169 esso
604 2122 823 2169 videtur.
