2134 3091
320 208 424 260 1²8
819 213 1032 258 AULI
1103 209 1420 283 GELLj!

320 329 546 385 auisset,
576 341 739 385 eoque
758 328 877 376 loco
904 329 1082 374 hostes
1106 326 1262 386 potiti
1284 327 1472 384 essent,
1492 323 1823 384 rescripsisse
1845 323 1926 371 di-

321 397 419 455 cit,
463 409 579 442 eum
609 409 807 453 quoque
829 395 995 442 civica
1016 395 1228 453 dignum
1247 393 1439 452 videri;
1479 393 1610 450 quod
1636 395 1923 451 appareret,

322 467 426 508 tam
444 461 623 519 iniquo
644 461 765 508 loco
785 462 951 508 civem
971 465 1034 508 ab
1056 475 1119 507 eo
1140 463 1398 507 servatum
1413 493 1428 518 ,
1465 462 1524 506 ut
1546 459 1700 506 etiam
1721 473 1751 504 a
1773 458 1927 504 forti-

322 533 404 584 ter
422 528 768 588 pugnantibus
796 528 1013 574 retineri
1042 542 1149 574 non
1170 527 1412 585 quiverit.
1486 528 1565 572 15.
1603 527 1712 572 Hac
1733 538 1928 572 corona

324 595 491 642 civica
520 596 579 640 L.
612 593 841 653 Gellius,
880 595 963 642 vir
1000 595 1286 653 censorius,
1327 593 1380 640 in
1416 596 1600 639 senatu
1631 593 1931 638 Ciceronem

326 662 595 708 consulem
623 661 808 709 donari
838 675 870 706 a
898 663 1165 720 republica
1193 661 1418 718 censuit,
1457 661 1596 718 quod
1631 659 1742 705 eius
1771 673 1932 717 opera

324 731 463 776 esset
480 727 808 774 atrocissima
827 728 923 774 illa
941 729 1198 776 Catilinae
1219 727 1514 776 coniuratio
1535 727 1736 773 detecta
1757 726 1931 772 vindi-

325 797 559 852 cataque.
632 797 711 841 16.
747 796 977 846 Muralie
998 800 1078 842 est
1099 809 1310 854 corona,
1329 808 1429 854 qua
1449 795 1670 840 donatur
1689 795 1750 839 ab
1771 797 1932 851 impe-

325 865 517 917 ratore,
530 860 619 920 qni
639 861 831 924 primus
850 877 1053 910 murum
1073 863 1246 920 subiit,
1267 863 1423 920 inque
1443 861 1686 919 oppidum
1704 860 1930 906 bostium

326 941 421 987 per
456 928 561 974 vim
588 929 836 977 escendit.
908 930 1108 978 Idcirco
1138 930 1286 988 quasi
1311 929 1444 975 muri
1473 927 1648 986 pinnis
1687 927 1930 974 decorata

330 999 425 1042 est.
498 997 577 1042 17.
616 997 915 1044 Castrensis
936 1000 1016 1044 est
1034 1010 1248 1051 corona,
1274 1009 1375 1054 qua
1395 997 1553 1042 donat
1572 1007 1688 1041 eum
1706 994 1928 1052 impera-

327 1065 429 1120 tor,
450 1062 537 1121 qui
556 1061 749 1120 primus
769 1065 997 1111 hostium
1018 1066 1188 1112 castra
1207 1075 1440 1122 pugnans
1458 1061 1714 1108 introivit.
1756 1064 1832 1107 18.
1853 1060 1932 1106 Ea

330 1143 523 1176 corona
543 1129 746 1190 insigne
768 1132 897 1178 valli
917 1131 1091 1178 habet.
1163 1131 1385 1177 Navalis
1406 1131 1503 1184 est,
1525 1142 1624 1188 qua
1645 1128 1826 1175 donari
1847 1141 1933 1174 so-

328 1197 408 1243 let
431 1197 691 1245 maritimo
728 1199 931 1256 proelio
960 1197 1049 1256 qui
1081 1198 1277 1257 primus
1308 1197 1364 1244 in
1392 1195 1618 1243 hostium
1643 1209 1824 1242 navem
1851 1208 1934 1240 ar-

328 1265 495 1311 matus
526 1264 579 1309 vi
599 1263 903 1311 transilivit.
976 1267 1057 1312 Ea
1085 1265 1230 1323 quasi
1252 1263 1461 1310 navium
1478 1263 1668 1310 rostris·
1685 1261 1937 1320 insignita

335 1332 430 1376 est.
523 1333 604 1376 19.
660 1330 728 1377 Et
748 1331 973 1379 muralis
1013 1335 1184 1378 autem
1225 1334 1276 1378 et
1317 1332 1600 1378 castrensis
1638 1332 1692 1376 et
1727 1331 1936 1376 navalis

331 1395 441 1442 fleri
480 1409 549 1443 ex
587 1410 714 1444 auro
755 1398 941 1443 solent.
1014 1400 1097 1444 2⁰.
1137 1399 1318 1445 ovate-'s
1357 1411 1480 1443 vero
1511 1409 1706 1443 corona
1737 1399 1936 1455 myrtea

333 1465 431 1508 est.
502 1463 587 1508 21.
622 1463 702 1508 Ea
718 1465 997 1511 utebantur
1018 1464 1371 1524 imperatores,
1403 1463 1492 1521 qui
1513 1466 1727 1511 ovantes
1747 1463 1936 1509 introi-

331 1529 455 1576 bant
474 1529 666 1575 urbem.
740 1529 945 1577 Ovandi
966 1535 1138 1577 autem
1152 1566 1165 1589 ‚
1206 1545 1265 1579 ac
1285 1545 1391 1579 non
1409 1530 1759 1590 triumphandi
1781 1543 1936 1577 causa

332 1598 435 1649 est,
466 1608 581 1641 cum
600 1598 691 1641 aut
709 1597 853 1643 bella
872 1611 976 1643 non
997 1598 1098 1643 rite
1119 1599 1332 1657 indicta,
1363 1612 1527 1659 neque
1549 1612 1661 1645 cum
1682 1598 1820 1644 iusto
1841 1598 1939 1643 ho-

333 1665 413 1708 ste
442 1664 590 1720 gesta
618 1664 763 1721 sunt;
804 1668 893 1709 aut
919 1663 1146 1711 bostium
1172 1679 1360 1712 nomen
1388 1664 1582 1711 humile
1611 1668 1664 1711 et
1691 1678 1794 1714 non
1820 1664 1940 1711 ido-

332 1742 484 1777 neum
505 1730 601 1787 est,
622 1732 680 1775 ut
699 1742 964 1777 servorum
987 1732 1393 1791 piratarumque:
1435 1735 1540 1787 aut,
1563 1731 1827 1779 deditione
1846 1744 1936 1776 re-

334 1798 485 1855 pente
506 1795 661 1853 facta,
696 1796 1037 1859 impulverea,
1070 1803 1127 1845 nt
1149 1799 1250 1846 dici
1273 1800 1434 1858 solet,
1467 1799 1835 1856 incruentaque
1857 1798 1936 1843 vi-

332 1861 501 1909 etoria
529 1863 756 1909 obvenit.
826 1867 907 1911 22.
946 1865 1039 1912 Cui
1071 1866 1317 1913 facilitati
1355 1868 1526 1923 aptam
1563 1878 1676 1912 esse
1713 1864 1939 1911 Veneris

334 1928 569 1977 frondem
590 1930 941 1989 crediderunt,
980 1934 1116 1990 quod
1137 1946 1242 1979 non
1260 1933 1504 1989 Martius,
1545 1932 1634 1978 sed
1666 1932 1812 1991 quasi
1833 1929 1938 1977 Ve-

330 1996 506 2044 nerius
526 1996 729 2053 quidam
751 1998 1033 2058 triumphus
1060 2001 1214 2046 foret.
1286 2000 1366 2046 23.
1395 2000 1542 2045 Hanc
1568 2002 1816 2058 myrteam
1847 2011 1940 2043 co-

330 2077 514 2111 ronam
548 2066 621 2110 M.
662 2066 901 2124 Crassus,
943 2079 1080 2123 cum,
1120 2066 1262 2113 bello
1302 2065 1638 2124 fugitivorum
1677 2068 1939 2127 confecto,

332 2144 494 2179 ovans
532 2131 755 2189 rediret,
806 2132 1097 2179 insolenter
1134 2136 1437 2191 aspernatus
1478 2136 1584 2179 est:
1623 2136 1939 2189 senatusque

330 2198 623 2243 consultum
644 2199 939 2245 faciundum
960 2214 1051 2258 per
1069 2200 1285 2258 gratiam
1308 2200 1540 2255 curavit,
1554 2202 1612 2245 ut
1633 2200 1800 2256 lauro,
1831 2212 1938 2244 non

332 2266 515 2323 myrto,
536 2270 900 2313 coronaretur.
956 2269 1036 2313 24.
1064 2268 1137 2311 M.
1163 2268 1288 2311 Cato
1311 2265 1504 2313 obiecit
1523 2268 1593 2311 M.
1615 2266 1805 2313 Fulvio
1829 2266 1941 2311 No-

329 2330 529 2388 biliori,
559 2332 695 2386 quod
722 2332 919 2379 milites
939 2346 1032 2391 per
1050 2332 1381 2379 ambitionem
1413 2332 1641 2391 coronis,
1683 2333 1744 2380 dc
1766 2332 1938 2379 causis

328 2395 630 2456 levissimis,
645 2396 902 2445 donasset.
930 2401 1088 2446 25.De
1111 2413 1208 2456 qua
1226 2412 1282 2445 re
1304 2401 1462 2445 verba
1483 2398 1923 2459 ipsaapposuica-

329 2463 495 2509 tonis:
511 2464 919 2525 Namprz’ncips'o
937 2470 1050 2527 quis
1069 2468 1194 2513 vidit
1209 2480 1402 2513 corona
1417 2467 1612 2512 donaro·
1626 2480 1939 2527 quenquam,

328 2544 439 2575 eum
464 2530 701 2589 oppidum
721 2540 930 2592 captum
948 2548 1051 2580 non
1071 2541 1228 2591 esset,
1269 2540 1367 2579 aut
1384 2538 1571 2579 castra
1591 2534 1813 2581 hostium
1832 2547 1938 2578 mm

328 2599 542 2641 incensa
563 2594 771 2642 essent?
840 2602 921 2644 26.
959 2599 1177 2645 Fulvius
1203 2601 1373 2645 autem
1387 2630 1402 2657 ,
1423 2599 1480 2644 in
1501 2614 1651 2657 quem
1669 2602 1768 2647 boc
1787 2613 1817 2646 a
1839 2601 1928 2645 Ca-

328 2664 451 2706 tone
474 2660 663 2707 dictum
687 2664 790 2721 est,
821 2666 1027 2711 coronis
1050 2667 1334 2711 donaverat
1352 2664 1573 2723 milites,
1603 2668 1724 2724 quia
1745 2665 1938 2715 vallum

332 2730 657 2781 curaverant,
678 2732 767 2774 aut
787 2730 907 2786 quia
927 2734 1135 2788 puteum
1159 2735 1363 2777 strenue
1385 2732 1640 2780 foderant.
1679 2736 1762 2779 2⁶1.
1781 2734 1939 2779 Prae-
