2134 3091
325 222 432 276 314
829 225 1041 272 Aah!
1113 226 1430 274 GELLH

328 340 507 395 Nosti,
544 338 779 399 iuquam,
814 341 1093 399 magister,
1131 343 1343 388 verbum
1371 340 1501 388 illud
1527 340 1730 387 scilicet
1751 344 1906 387 vetus
1927 354 1942 385 :

330 406 603 465 Egregium
624 407 869 453 musicam
884 438 899 460 ,
928 421 1061 463 quae
1083 407 1154 453 sit
1171 408 1491 465 abscondita,
1525 421 1636 454 eam
1657 420 1774 453 esse
1793 408 1936 454 nulli

329 467 441 519 rei?
516 474 621 518 Oro
645 486 769 530 ergo
788 476 856 524 te,
878 474 1023 530 legas
1042 473 1137 520 hos
1159 486 1338 520 versus
1360 474 1622 531 pauculos,
1645 476 1699 519 et
1717 486 1942 531 prover-

330 540 403 585 bii
425 538 595 595 istius,
613 540 747 595 quod
769 538 823 583 in
842 538 923 583 his
944 540 1176 586 versibus
1194 544 1290 598 est,
1305 541 1614 586 sententiam
1626 539 1769 586 dicas
1787 540 1940 586 mibi.

333 609 384 651 4.
420 606 579 663 Lege,
599 604 783 662 inquit,
802 608 857 649 tu
878 604 1004 650 mihi
1025 606 1214 662 potius,
1235 620 1366 663 quae
1386 620 1490 652 non
1513 606 1856 664 intelligis,ut
1875 620 1944 652 ea

334 671 429 719 tibi
458 684 557 729 ego
583 684 839 717 enarrem.
908 675 955 716 5.
1005 672 1270 727 Quonam,
1309 674 1509 731 inquam
1526 706 1540 728 ‚
1579 677 1730 731 pacto
1759 675 1942 731 legere

336 751 434 794 ego
463 750 696 795 possum,
735 750 864 793 quae
894 749 997 783 non
1028 742 1310 796 assequor?
1384 739 1688 786 indistincta
1717 752 1942 797 namque

336 806 476 861 fient,
499 807 552 849 et
574 804 808 861 confusa,
828 818 957 860 quae
976 804 1172 862 legero,
1195 810 1248 851 et
1267 810 1407 852 tuam
1426 820 1629 863 quoque
1651 806 1940 865 impedient

338 869 692 917 intentionem.
750 872 797 916 6.
821 872 983 926 Tunc,
1004 871 1127 918 aliis
1149 872 1324 931 etiam,
1344 873 1432 929 qui
1453 873 1524 918 ibi
1545 873 1774 931 aderant,
1795 886 1941 921 com-

338 936 576 997 pluribus
596 937 731 983 idem
751 937 1216 998 comprobantibus,
1247 939 1776 999 desiderantibusque‚
1799 940 1939 987 acci-

338 1004 416 1064 pit
433 1016 466 1050 a
482 1017 563 1050 me
583 1004 773 1051 librum
791 1006 1011 1051 veterem
1026 1034 1042 1064 ,
1071 1005 1188 1051 fidei
1207 1008 1487 1065 spectatae,
1515 1007 1784 1054 luculente
1805 1006 1938 1054 scri-

338 1074 493 1133 ptum.
562 1072 610 1119 Ἰ.
646 1069 849 1129 Accipit
864 1075 1037 1117 autem
1061 1070 1536 1120 inconstantissimo
1557 1074 1704 1120 vultu
1725 1076 1779 1121 et
1795 1088 1938 1120 moe-

318 1138 588 1186 ‘sti-simo.
658 1141 707 1185 8.
746 1138 853 1185 Sed
879 1137 997 1195 quid
1020 1138 1206 1185 deinde
1225 1138 1420 1187 dicam!
1490 1143 1608 1188 Non
1629 1142 1797 1188 audeo
1816 1141 1938 1187 her-

340 1206 421 1255 cle
442 1206 725 1264 postulare,
744 1208 803 1251 ut
820 1204 873 1251 id
894 1204 1130 1251 credatur
1149 1205 1292 1251 mibi.
1363 1210 1410 1252 9.
1448 1207 1604 1254 Pueri
1625 1208 1676 1253 iu
1699 1209 1826 1255 ludo
1846 1220 1936 1253 ru-

339 1273 452 1331 des,
478 1272 527 1318 si
548 1286 663 1318 eum
687 1272 875 1319 librum
902 1272 1238 1331 accepissent,
1266 1286 1372 1319 non
1393 1272 1432 1319 ii
1453 1274 1616 1332 magis
1636 1274 1691 1320 in
1710 1275 1934 1333 legendo

341 1338 618 1386 deridiculi
642 1338 883 1396 tuissent3
904 1337 979 1383 ita
996 1341 1049 1385 et
1066 1339 1352 1385 sententias
1367 1340 1724 1401 intercidebat,
1745 1345 1797 1387 et
1817 1354 1936 1387 ver-

339 1407 407 1452 ba
443 1408 683 1464 corrupte
722 1405 1107 1463 pronuntiabat.
1181 1408 1258 1451 1⁰.
1291 1407 1479 1469 Reddit
1514 1406 1672 1466 igitur
1705 1408 1830 1454 mihi
1868 1408 1936 1453 li-

340 1473 513 1531 brum,
540 1472 717 1518 multis
738 1472 840 1517 iam
858 1472 1172 1531 ridentibus3
1211 1474 1288 1519 et:
1327 1474 1510 1529 Vides,
1539 1474 1725 1533 inquit,
1753 1475 1937 1521 oculos

340 1553 483 1586 meos
504 1553 687 1597 aegros
708 1538 1029 1596 assiduisque
1049 1538 1494 1588 lucubrationibus
1515 1555 1676 1600 prope
1697 1542 1795 1588 iam
1821 1556 1938 1600 per·

342 1606 507 1654 ditos:
548 1607 637 1652 vix
671 1605 813 1663 ipsos
833 1605 1098 1651 literarum
1119 1607 1292 1664 apices
1313 1609 1460 1667 potui
1481 1609 1939 1668 comprehendere:

342 1686 457 1720 cum
474 1672 659 1718 valebo
682 1673 743 1718 ab
764 1672 951 1728 oculis,
979 1672 1152 1718 revise
1172 1675 1236 1718 ad
1256 1689 1359 1731 me,
1389 1679 1444 1723 et
1461 1675 1646 1721 librum
1667 1676 1820 1722 istum
1842 1676 1938 1722 tibi

340 1742 505 1785 totum
525 1739 711 1797 legam.
785 1738 863 1783 11.
900 1739 1078 1792 Recte,
1109 1738 1332 1800 iuquam,
1364 1741 1433 1788 sit
1453 1743 1640 1798 oculis,
1669 1742 1936 1806 magister,

336 1806 458 1852 tuis.
534 1810 611 1853 12.
649 1805 781 1865 Sed,
822 1804 877 1850 in
896 1818 999 1861 quo
1019 1805 1132 1851 illis
1153 1807 1284 1853 nihil
1305 1822 1434 1866 opus
1453 1812 1557 1866 est,
1593 1810 1671 1869 id,
1708 1823 1840 1868 rogo
1866 1814 1936 1872 te,

340 1873 483 1920 dicas
501 1873 650 1920 mihi:
696 1875 949 1918 Can-‘num
963 1875 1245 1932 prandium
1265 1875 1320 1920 in
1338 1875 1438 1922 boc
1459 1876 1578 1922 loco
1591 1910 1604 1933 ‚
1633 1890 1783 1934 quem
1802 1877 1938 1936 legi-

339 1939 426 1994 sti,
452 1939 574 1998 quid
594 1939 881 1998 significat!
951 1940 1030 1986 13.
1066 1942 1137 1986 At
1154 1939 1248 1987 ine
1266 1941 1506 2001 egregius
1529 1944 1748 2002 nebulo,
1787 1943 1938 2001 quasi

339 2007 539 2054 difficili
559 2007 865 2065 quaestione
884 2007 1218 2068 perterritus,
1257 2009 1495 2068 exsurgit
1512 2010 1686 2056 statim
1699 2044 1714 2067 ,
1752 2013 1804 2056 et
1825 2010 1939 2057 abi-

339 2088 455 2121 ens:
494 2077 628 2130 Non,
657 2075 853 2131 inquit,
881 2086 1088 2131 parvam
1111 2089 1216 2120 rem
1235 2077 1466 2132 quaeris:
1503 2077 1633 2122 talia
1653 2090 1750 2135 ego
1771 2076 1938 2136 gratis

338 2155 446 2188 non
468 2140 647 2188 doceo.
724 2143 800 2187 14.
839 2140 969 2187 Eius
990 2143 1159 2186 autem
1181 2141 1304 2196 loci,
1335 2143 1389 2188 in
1409 2157 1510 2201 quo
1533 2143 1585 2188 id
1609 2143 1939 2201 proverbium

338 2211 436 2267 est,
464 2209 622 2255 verba
641 2207 767 2254 baec
786 2210 930 2254 sunt:
967 2209 1084 2254 Non
1103 2208 1245 2254 vides
1265 2209 1410 2268 apud
1423 2211 1738 2257 Mnestheum
1753 2213 1936 2271 scribi,

338 2277 449 2322 tria
464 2289 661 2335 genera
679 2290 789 2322 esse
808 2277 929 2328 mni,
958 2277 1176 2334 nigrum.
1205 2277 1398 2336 album,
1429 2277 1664 2334 medium,
1691 2279 1832 2337 quod
1846 2291 1937 2324 vo-

336 2349 465 2388 cant
482 2336 679 2403 κιῤῥόνς
716 2355 917 2399 novum,
946 2348 1108 2398 vetus,
1139 2344 1357 2388 medium
1373 2357 1398 2401 ‚·
1433 2349 1490 2388 et
1506 2342 1716 2402 efficere
1735 2345 1938 2403 nigrum

336 2411 501 2464 viras,
522 2411 696 2455 album
716 2409 940 2466 urinam,
962 2407 1178 2452 „adsum
1197 2408 1352 2466 πέψιν
1367 2405 1394 2455 Γ
1436 2423 1616 2456 novum
1636 2409 1937 2470 refrigera-

335 2487 416 2529 re,
441 2481 585 2521 vetus
609 2474 941 2534 calefacere,
973 2475 1188 2519 medium
1213 2489 1335 2522 voro
1353 2490 1467 2523 esse
1487 2479 1770 2535 prandiam
1789 2481 1939 2524 cuni·

334 2535 495 2586 num?
564 2542 645 2586 15.
686 2539 826 2594 Quid
852 2539 1110 2598 significet
1125 2544 1406 2600 prandium
1423 2545 1664 2589 caninum
1675 2573 1694 2597 ‚
1731 2556 1837 2590 rem
1859 2545 1940 2591 le-

337 2603 561 2652 viculum
580 2605 667 2651 diu
688 2610 739 2652 et
761 2606 917 2652 anxie
940 2607 1304 2661 quaesivimus.
1371 2612 1448 2655 16.
1470 2609 1744 2655 Prandium
1763 2613 1937 2657 autem

333 2670 663 2725 abstemium,
702 2672 757 2716 in
778 2685 877 2726 quo
898 2671 1031 2716 nibil
1056 2672 1167 2718 vini
1190 2676 1422 2731 potatur,
1462 2678 1700 2720 eam‘naeam
1729 2675 1936 2733 dicitur,

330 2736 572 2791 quoniam
601 2737 745 2782 canis
775 2736 898 2783 vino
926 2739 1087 2782 caret.
1159 2742 1238 2785 17.
1279 2741 1402 2786 Cum
1433 2741 1590 2800 igitur
1608 2740 1832 2788 medium
1852 2741 1932 2789 vi·
