2134 3091
592 218 756 263 LlB.
795 218 945 264 XVl.
1016 220 1116 265 cA
1142 220 1197 264 Ρ.
1237 222 1284 265 9.
1642 216 1746 268 367

110 348 233 381 non
260 335 389 379 sunt
410 334 700 381 contraria:
754 333 855 381 Aut
877 339 1065 393 curris,
1097 343 1192 381 aut
1211 336 1470 394 atabulus,
1494 344 1593 383 aut
1609 344 1740 385 stas.
1783 354 1788 362 ·

112 404 261 448 Nam
296 401 415 459 ipsa
442 401 646 457 quidem
674 400 811 448 inter
838 415 953 448 sese
981 404 1197 449 adversa
1216 406 1357 447 sunt:
1393 404 1485 448 secl
1505 405 1746 461 opposita

115 482 319 515 eorum
340 482 448 513 non
459 471 779 527 repugnant,
818 484 918 514 non
939 470 1367 525 ambularaenim
1391 473 1444 515 et
1461 485 1561 528 non
1581 477 1746 526 stare,

115 540 173 582 et
208 550 321 582 non
343 548 560 581 currere
596 535 857 582 contraria
887 535 1024 581 inter
1052 549 1165 584 sese
1185 549 1294 581 non
1315 540 1460 582 sunt:
1501 536 1742 593 quoniam

120 602 408 649 contraria
426 613 487 647 ea
507 598 777 660 dicuntur,
796 615 927 659 quae
948 602 1104 649 simul
1123 616 1247 648 vera
1267 616 1381 648 esse
1403 616 1508 649 nou
1529 608 1744 661 queunt3

118 667 313 727 possis
346 668 483 713 enim
512 668 665 713 simul
694 669 976 725 eodemque
1002 672 1236 727 tempore
1263 682 1425 726 neque
1463 669 1748 725 ambulare,

121 748 305 793 neque
327 738 484 789 stare,
505 747 671 792 neque
693 748 916 782 currere.
991 736 1071 785 15.
1111 737 1213 783 Sed
1240 735 1342 782 boc
1370 736 1471 783 iam
1501 738 1656 782 breve
1679 751 1748 783 ex

126 801 421 848 dialectica
448 800 782 847 libamentum
811 802 1020 848 dedisse
1050 816 1189 849 nunc
1207 802 1334 849 satis
1373 803 1500 849 erit:
1564 805 1640 849 16.
1671 806 1749 848 at-
1827 832 1829 834 ·

127 882 231 926 que
263 868 323 913 id
343 868 513 913 solum
538 868 822 913 addendum
850 869 1322 927 admonendumque
1343 871 1447 929 est,
1491 870 1628 926 quod
1653 870 1748 915 hu-

127 935 217 981 ius
240 934 553 993 ‹liseiplinae
585 934 809 981 studium
830 939 982 992 atque
1007 936 1239 994 cognitio
1262 936 1316 981 in
1338 936 1608 994 principiis
1635 937 1751 993 qui-

132 1002 253 1047 dem
274 1004 415 1046 tetra
446 1003 499 1046 et
519 1001 863 1059 aspernabilis
884 1002 1217 1059 insuavisque
1239 1016 1352 1049 esse
1373 1006 1425 1047 et
1443 1003 1646 1048 inutilis
1672 1003 1751 1048 vi-

132 1067 252 1114 deri
275 1068 439 1113 solet:
479 1066 592 1125 sed,
632 1068 722 1114 ubi
740 1068 1058 1124 aliquantum
1078 1068 1421 1127 processeris,
1464 1071 1570 1114 tum
1601 1069 1750 1115 deui-

136 1148 237 1191 que
259 1136 315 1180 et
334 1133 731 1179 emolumentum
752 1135 864 1181 eius
886 1135 939 1181 in
960 1135 1132 1181 animo
1153 1138 1243 1181 tuo
1266 1135 1546 1193 dilucebit,
1585 1139 1636 1181 et
1665 1149 1746 1181 se-

136 1204 330 1259 quetur
356 1200 603 1258 quaedam
634 1200 839 1247 dicendi
870 1203 1115 1259 voluptas
1141 1201 1482 1258 hisatiabilis3
1544 1204 1624 1247 17.
1665 1202 1750 1247 cui

138 1280 267 1313 sane
290 1267 337 1313 si
354 1266 559 1313 modum
580 1280 685 1312 non
708 1268 910 1326 feceris,
923 1269 1210 1327 periculum
1226 1282 1333 1313 non
1352 1268 1610 1314 mediocre
1630 1269 1750 1326 erit,

138 1348 232 1395 ne,
270 1336 330 1380 ut
350 1333 584 1392 plerique
604 1334 727 1393 alii,
764 1336 823 1381 tu
848 1348 1051 1394 quoque
1072 1334 1258 1381 inillis
1283 1334 1585 1380 dialecticae
1605 1335 1749 1393 gyris

140 1402 297 1457 atque
318 1400 631 1458 menandris,
651 1403 891 1459 tanquam
913 1403 1048 1462 apud
1069 1401 1306 1449 Sirenios
1326 1401 1591 1460 scopulos,
1623 1415 1748 1447 cou-

142 1479 400 1515 senescau.

667 1549 1040 1601 CAPUT
1112 1551 1216 1602 IX.

204 1631 323 1682 Quia
347 1631 583 1733 significet
607 1633 789 1676 verbum
806 1631 855 1675 in
874 1633 1001 1678 libris
1019 1641 1220 1678 veterum
1239 1633 1503 1677 cubem-ime
1515 1633 1745 1690 positum.-

254 1702 275 1732 ε
283 1703 313 1730 u
322 1702 343 1732 s
352 1705 379 1746 q
391 1703 421 1730 u
430 1703 453 1732 e
526 1703 549 1732 e
558 1703 585 1746 q
595 1705 625 1732 u
636 1703 670 1730 e.

218 1779 265 1824 1.
302 1778 499 1837 Susque
526 1778 683 1844 deque
696 1780 827 1841 fero
840 1809 858 1834 ‚
898 1782 985 1826 aut
1006 1793 1193 1840 susque
1219 1780 1380 1840 deque
1408 1780 1597 1835 habeo,
1637 1777 1749 1840 (his

151 1844 287 1891 enim
324 1844 519 1890 duobus
556 1845 724 1892 modis
754 1843 997 1909 dicitur-3)
1036 1849 1248 1892 verbum
1279 1850 1357 1892 est
1387 1860 1454 1893 ex
1490 1845 1750 1892 hominum

150 1913 414 1957 doctorum
434 1913 782 1958 sermonibus:
822 1912 875 1957 in
909 1913 1164 1970 poe‘matis
1185 1926 1384 1969 quoque
1405 1917 1457 1959 et
1477 1913 1528 1958 in
1551 1911 1749 1970 episto-

151 1978 218 2024 lis
248 1981 473 2023 veterum
505 1979 746 2037 scriptum
773 1979 901 2036 [est]
935 1979 1285 2036 plurifariam:
1340 1981 1386 2023 2.
1428 1979 1518 2024 sed
1540 1975 1750 2023 facilius

151 2044 395 2102 reperias,
428 2044 516 2102 qui
536 2044 590 2090 id
614 2048 822 2092 verbum
842 2047 1123 2102 ostentent,
1153 2059 1301 2102 quam
1323 2045 1408 2102 qui
1430 2043 1746 2100 intelligant.

154 2114 232 2157 lta
249 2111 480 2169 plerique
511 2112 772 2170 nostrum,
811 2125 939 2169 quae
959 2111 1242 2158 remotiora
1265 2115 1422 2157 verba
1443 2111 1748 2164 invenimus,

158 2180 321 2224 dicere
342 2191 403 2224 ea
421 2191 773 2236 properamus,
792 2192 898 2224 non
920 2178 1137 2224 discere.
1213 2181 1257 2223 3.
1296 2177 1558 2235 Significat
1577 2180 1750 2221 autem

156 2258 331 2304 susque
352 2245 511 2304 deque
517 2246 702 2306 ferre,
742 2245 914 2291 animo
946 2259 1111 2301 aequo
1145 2258 1278 2302 esse,
1315 2247 1367 2289 et
1394 2244 1529 2301 quod
1560 2240 1748 2286 accidit

157 2325 257 2358 non
283 2311 453 2370 magni
485 2314 736 2371 pendere,
778 2314 928 2370 atque
962 2313 1216 2358 interdum
1242 2311 1510 2368 negligere
1543 2313 1594 2354 et
1625 2321 1749 2352 con-

159 2382 402 2425 temnere:
448 2382 501 2422 et
527 2379 893 2437 propemodum
924 2379 975 2424 id
1002 2379 1156 2436 valet,
1185 2379 1318 2435 quod
1345 2377 1534 2422 dicitur
1556 2377 1749 2420 Graece

159 2439 464 2508 ἅδιαφορεῖν.
538 2447 585 2492 4.
623 2445 871 2492 Laberius
892 2445 949 2490 in
970 2446 1368 2503 Compitalibus:

226 2529 360 2574 Nunc
380 2534 437 2574 tu
454 2524 483 2556 *
504 2529 669 2573 lentus
690 2523 766 2573 'st
804 2540 935 2573 nnnc
958 2533 1013 2572 tu
1032 2540 1219 2586 susque
1240 2526 1546 2587 dequefers.

223 2595 650 2657 materfamilias
675 2600 769 2638 tua
789 2595 842 2638 ὄπ
863 2593 991 2639 lecto
1015 2595 1234 2641 adverso
1255 2597 1414 2640 sedet.

227 2660 408 2708 Servos
428 2663 690 2708 sextantis
710 2659 883 2706 verbis
904 2661 1132 2722 nefariis
1154 2664 1338 2707 utitur.

164 2749 209 2792 5.
244 2747 312 2791 M.
338 2745 504 2791 Varro
536 2745 591 2791 in
627 2743 871 2805 Sisenna,
909 2745 993 2791 vel
1026 2744 1090 2790 de
1119 2744 1364 2790 historia:
1408 2741 1746 2814 Quod-sinon
