<?xml version="1.0" encoding="UTF-8"?>
<!DOCTYPE html PUBLIC "-//W3C//DTD XHTML 1.0 Transitional//EN"
    "http://www.w3.org/TR/xhtml1/DTD/xhtml1-transitional.dtd">
<html xmlns="http://www.w3.org/1999/xhtml" xml:lang="en" lang="en">
 <head>
  <title>
</title>
<meta http-equiv="Content-Type" content="text/html;charset=utf-8" />
  <meta name='ocr-system' content='tesseract 3.04.00' />
  <meta name='ocr-capabilities' content='ocr_page ocr_carea ocr_par ocr_line ocrx_word'/>
</head>
<body>
  <div class='ocr_page' id='page_1' title='image "./noctesatticaecu00gellgoog_0419.png"; bbox 0 0 2134 3091; ppageno 0'>
   <div class='ocr_carea' id='block_1_1' title="bbox 333 205 1430 257">
    <p class='ocr_par' dir='ltr' id='par_1_1' title="bbox 333 205 1430 257">
     <span class='ocr_line' id='line_1_1' title="bbox 333 205 1430 257; baseline -0.007 -1"><span class='ocrx_word' id='word_1_1' title='bbox 333 206 437 257; x_wconf 78' lang='lat'><strong>412</strong></span> <span class='ocrx_word' id='word_1_2' title='bbox 760 246 767 254; x_wconf 96' lang='lat'><strong><em>.</em></strong></span> <span class='ocrx_word' id='word_1_3' title='bbox 838 205 1430 253; x_wconf 77' lang='lat' dir='ltr'><strong>AUL1.GELL11</strong></span> 
     </span>
    </p>
   </div>
   <div class='ocr_carea' id='block_1_2' title="bbox 338 318 1950 1377">
    <p class='ocr_par' dir='ltr' id='par_1_2' title="bbox 338 318 1950 1377">
     <span class='ocr_line' id='line_1_2' title="bbox 338 318 1932 383; baseline -0.004 -10"><span class='ocrx_word' id='word_1_4' title='bbox 338 326 511 373; x_wconf 87' lang='lat' dir='ltr'><strong>blicae</strong></span> <span class='ocrx_word' id='word_1_5' title='bbox 530 326 865 378; x_wconf 84' lang='lat' dir='ltr'><strong>verebantur,</strong></span> <span class='ocrx_word' id='word_1_6' title='bbox 897 325 1152 370; x_wconf 86' lang='lat' dir='ltr'><strong>commoto</strong></span> <span class='ocrx_word' id='word_1_7' title='bbox 1173 322 1410 379; x_wconf 84' lang='lat' dir='ltr'><strong>iratoque</strong></span> <span class='ocrx_word' id='word_1_8' title='bbox 1430 318 1602 367; x_wconf 89' lang='lat' dir='ltr'><strong>animo</strong></span> <span class='ocrx_word' id='word_1_9' title='bbox 1623 319 1832 376; x_wconf 80' lang='lat' dir='ltr'><strong>exsilit,</strong></span> <span class='ocrx_word' id='word_1_10' title='bbox 1853 322 1932 383; x_wconf 61' lang='lat' dir='ltr'><strong>⁸et</strong></span> 
     </span>
     <span class='ocr_line' id='line_1_3' title="bbox 338 387 1944 450; baseline -0.003 -12"><span class='ocrx_word' id='word_1_11' title='bbox 338 392 617 447; x_wconf 82' lang='lat' dir='ltr'><strong>Quaenam,</strong></span> <span class='ocrx_word' id='word_1_12' title='bbox 640 392 823 450; x_wconf 90' lang='lat' dir='ltr'><strong>inquit,</strong></span> <span class='ocrx_word' id='word_1_13' title='bbox 843 388 1254 445; x_wconf 87' lang='lat' dir='ltr'><strong>Lacedaemonii,</strong></span> <span class='ocrx_word' id='word_1_14' title='bbox 1282 387 1436 445; x_wconf 75' lang='lat' dir='ltr'><strong>ratio,</strong></span> <span class='ocrx_word' id='word_1_15' title='bbox 1470 389 1560 431; x_wconf 91' lang='lat' dir='ltr'><strong>aut</strong></span> <span class='ocrx_word' id='word_1_16' title='bbox 1579 400 1708 443; x_wconf 89' lang='lat' dir='ltr'><strong>quae</strong></span> <span class='ocrx_word' id='word_1_17' title='bbox 1729 388 1944 433; x_wconf 87' lang='lat' dir='ltr'><strong>tandem</strong></span> 
     </span>
     <span class='ocr_line' id='line_1_4' title="bbox 338 453 1946 516; baseline -0.005 -13"><span class='ocrx_word' id='word_1_18' title='bbox 338 472 455 516; x_wconf 90' lang='lat' dir='ltr'><strong>spes</strong></span> <span class='ocrx_word' id='word_1_19' title='bbox 477 458 593 514; x_wconf 86' lang='lat' dir='ltr'><strong>erit,</strong></span> <span class='ocrx_word' id='word_1_20' title='bbox 623 460 797 503; x_wconf 82' lang='lat' dir='ltr'><strong>urbem</strong></span> <span class='ocrx_word' id='word_1_21' title='bbox 816 459 943 502; x_wconf 86' lang='lat' dir='ltr'><strong>hanc</strong></span> <span class='ocrx_word' id='word_1_22' title='bbox 962 460 1014 501; x_wconf 87' lang='lat' dir='ltr'><strong>et</strong></span> <span class='ocrx_word' id='word_1_23' title='bbox 1033 456 1162 501; x_wconf 87' lang='lat' dir='ltr'><strong>hane</strong></span> <span class='ocrx_word' id='word_1_24' title='bbox 1183 453 1548 511; x_wconf 78' lang='lat' dir='ltr'><strong>rempublicam</strong></span> <span class='ocrx_word' id='word_1_25' title='bbox 1565 454 1761 499; x_wconf 84' lang='lat' dir='ltr'><strong>salvam</strong></span> <span class='ocrx_word' id='word_1_26' title='bbox 1783 454 1946 501; x_wconf 79' lang='lat' dir='ltr'><strong>inex..</strong></span> 
     </span>
     <span class='ocr_line' id='line_1_5' title="bbox 340 519 1948 584; baseline -0.002 -15"><span class='ocrx_word' id='word_1_27' title='bbox 340 525 767 584; x_wconf 84' lang='lat' dir='ltr'><strong>pugnabilemque</strong></span> <span class='ocrx_word' id='word_1_28' title='bbox 788 537 902 569; x_wconf 82' lang='lat' dir='ltr'><strong>esse</strong></span> <span class='ocrx_word' id='word_1_29' title='bbox 924 522 1124 568; x_wconf 85' lang='lat' dir='ltr'><strong>diutius</strong></span> <span class='ocrx_word' id='word_1_30' title='bbox 1143 534 1311 580; x_wconf 87' lang='lat' dir='ltr'><strong>posse,</strong></span> <span class='ocrx_word' id='word_1_31' title='bbox 1345 520 1389 565; x_wconf 89' lang='lat' dir='ltr'><strong>si</strong></span> <span class='ocrx_word' id='word_1_32' title='bbox 1410 519 1772 565; x_wconf 86' lang='lat' dir='ltr'><strong>huiuscemodi</strong></span> <span class='ocrx_word' id='word_1_33' title='bbox 1794 525 1948 567; x_wconf 84' lang='lat' dir='ltr'><strong>ante·-</strong></span> 
     </span>
     <span class='ocr_line' id='line_1_6' title="bbox 342 586 1950 638; baseline -0.004 -1"><span class='ocrx_word' id='word_1_34' title='bbox 342 595 485 637; x_wconf 86' lang='lat' dir='ltr'><strong>actae</strong></span> <span class='ocrx_word' id='word_1_35' title='bbox 525 592 663 637; x_wconf 79' lang='lat' dir='ltr'><strong>vitae</strong></span> <span class='ocrx_word' id='word_1_36' title='bbox 699 590 992 635; x_wconf 87' lang='lat' dir='ltr'><strong>hominibus</strong></span> <span class='ocrx_word' id='word_1_37' title='bbox 1030 588 1348 633; x_wconf 83' lang='lat' dir='ltr'><strong>consiliariis</strong></span> <span class='ocrx_word' id='word_1_38' title='bbox 1391 589 1590 632; x_wconf 88' lang='lat' dir='ltr'><strong>utemur</strong></span> <span class='ocrx_word' id='word_1_39' title='bbox 1609 588 1632 631; x_wconf 64' lang='grc' dir='ltr'><strong>’ἓ</strong></span> <span class='ocrx_word' id='word_1_40' title='bbox 1702 586 1858 638; x_wconf 77' lang='lat' dir='ltr'><strong>Quod</strong></span> <span class='ocrx_word' id='word_1_41' title='bbox 1901 586 1950 632; x_wconf 89' lang='lat' dir='ltr'><strong>si</strong></span> 
     </span>
     <span class='ocr_line' id='line_1_7' title="bbox 342 647 1947 715; baseline -0.002 -12"><span class='ocrx_word' id='word_1_42' title='bbox 342 658 503 715; x_wconf 84' lang='lat' dir='ltr'><strong>proba</strong></span> <span class='ocrx_word' id='word_1_43' title='bbox 522 656 715 703; x_wconf 78' lang='lat' dir='ltr'><strong>isthaec</strong></span> <span class='ocrx_word' id='word_1_44' title='bbox 735 660 786 701; x_wconf 86' lang='lat' dir='ltr'><strong>et</strong></span> <span class='ocrx_word' id='word_1_45' title='bbox 804 658 1023 703; x_wconf 85' lang='lat' dir='ltr'><strong>honesta</strong></span> <span class='ocrx_word' id='word_1_46' title='bbox 1040 647 1300 701; x_wconf 78' lang='lat' dir='ltr'><strong>sententia</strong></span> <span class='ocrx_word' id='word_1_47' title='bbox 1321 656 1416 711; x_wconf 84' lang='lat' dir='ltr'><strong>est,</strong></span> <span class='ocrx_word' id='word_1_48' title='bbox 1458 665 1649 709; x_wconf 87' lang='lat' dir='ltr'><strong>quaeso</strong></span> <span class='ocrx_word' id='word_1_49' title='bbox 1672 666 1766 698; x_wconf 87' lang='lat' dir='ltr'><strong>vos</strong></span> <span class='ocrx_word' id='word_1_50' title='bbox 1781 687 1794 709; x_wconf 91' lang='lat'><strong>,</strong></span> <span class='ocrx_word' id='word_1_51' title='bbox 1835 667 1947 699; x_wconf 88' lang='lat' dir='ltr'><strong>uon</strong></span> 
     </span>
     <span class='ocr_line' id='line_1_8' title="bbox 344 719 1948 779; baseline -0.002 -10"><span class='ocrx_word' id='word_1_52' title='bbox 344 724 567 769; x_wconf 83' lang='lat' dir='ltr'><strong>sinamus</strong></span> <span class='ocrx_word' id='word_1_53' title='bbox 600 722 810 767; x_wconf 86' lang='lat' dir='ltr'><strong>eandem</strong></span> <span class='ocrx_word' id='word_1_54' title='bbox 840 720 1169 768; x_wconf 81' lang='lat' dir='ltr'><strong>dehonestari</strong></span> <span class='ocrx_word' id='word_1_55' title='bbox 1197 719 1479 779; x_wconf 74' lang='lat' dir='ltr'>turpissimi</span> <span class='ocrx_word' id='word_1_56' title='bbox 1505 720 1739 765; x_wconf 84' lang='lat' dir='ltr'><strong>auctoris</strong></span> <span class='ocrx_word' id='word_1_57' title='bbox 1761 724 1948 765; x_wconf 88' lang='lat' dir='ltr'><strong>conta-</strong></span> 
     </span>
     <span class='ocr_line' id='line_1_9' title="bbox 344 786 1948 847; baseline 0 -14"><span class='ocrx_word' id='word_1_58' title='bbox 344 790 451 847; x_wconf 82' lang='lat' dir='ltr'><strong>gio.</strong></span> <span class='ocrx_word' id='word_1_59' title='bbox 524 791 569 833; x_wconf 86' lang='grc'><strong>6.</strong></span> <span class='ocrx_word' id='word_1_60' title='bbox 607 790 773 844; x_wconf 80' lang='lat' dir='ltr'><strong>Atque</strong></span> <span class='ocrx_word' id='word_1_61' title='bbox 806 788 891 833; x_wconf 87' lang='lat' dir='ltr'><strong>ubi</strong></span> <span class='ocrx_word' id='word_1_62' title='bbox 916 788 1013 833; x_wconf 79' lang='lat' dir='ltr'><strong>hoc</strong></span> <span class='ocrx_word' id='word_1_63' title='bbox 1046 787 1210 842; x_wconf 83' lang='lat' dir='ltr'>dixit,</span> <span class='ocrx_word' id='word_1_64' title='bbox 1251 788 1412 845; x_wconf 81' lang='lat' dir='ltr'><strong>elegit</strong></span> <span class='ocrx_word' id='word_1_65' title='bbox 1440 786 1609 831; x_wconf 86' lang='lat' dir='ltr'><strong>virum</strong></span> <span class='ocrx_word' id='word_1_66' title='bbox 1632 787 1948 833; x_wconf 80' lang='lat' dir='ltr'><strong>fortitudine</strong></span> 
     </span>
     <span class='ocr_line' id='line_1_10' title="bbox 346 852 1946 913; baseline -0.003 -11"><span class='ocrx_word' id='word_1_67' title='bbox 346 859 498 913; x_wconf 87' lang='lat' dir='ltr'><strong>atque</strong></span> <span class='ocrx_word' id='word_1_68' title='bbox 530 854 739 900; x_wconf 86' lang='lat' dir='ltr'><strong>iustitia</strong></span> <span class='ocrx_word' id='word_1_69' title='bbox 768 859 973 911; x_wconf 84' lang='lat' dir='ltr'><strong>praeter</strong></span> <span class='ocrx_word' id='word_1_70' title='bbox 994 854 1128 899; x_wconf 85' lang='lat' dir='ltr'><strong>alios</strong></span> <span class='ocrx_word' id='word_1_71' title='bbox 1150 856 1521 911; x_wconf 72' lang='lat' dir='ltr'><strong>praestantem,</strong></span> <span class='ocrx_word' id='word_1_72' title='bbox 1558 852 1650 897; x_wconf 87' lang='lat' dir='ltr'><strong>sed</strong></span> <span class='ocrx_word' id='word_1_73' title='bbox 1669 852 1818 909; x_wconf 81' lang='lat' dir='ltr'><strong>inopi</strong></span> <span class='ocrx_word' id='word_1_74' title='bbox 1842 853 1946 897; x_wconf 89' lang='lat' dir='ltr'><strong>lin-</strong></span> 
     </span>
     <span class='ocr_line' id='line_1_11' title="bbox 346 920 1947 980; baseline -0.001 -15"><span class='ocrx_word' id='word_1_75' title='bbox 346 923 531 980; x_wconf 76' lang='lat' dir='ltr'><strong>gua.et</strong></span> <span class='ocrx_word' id='word_1_76' title='bbox 554 920 910 976; x_wconf 77' lang='lat' dir='ltr'><strong>infacundum3</strong></span> <span class='ocrx_word' id='word_1_77' title='bbox 949 920 1200 977; x_wconf 85' lang='lat' dir='ltr'><strong>iussitque</strong></span> <span class='ocrx_word' id='word_1_78' title='bbox 1224 933 1362 979; x_wconf 90' lang='lat' dir='ltr'><strong>eum,</strong></span> <span class='ocrx_word' id='word_1_79' title='bbox 1403 930 1655 964; x_wconf 87' lang='lat' dir='ltr'><strong>consensu</strong></span> <span class='ocrx_word' id='word_1_80' title='bbox 1677 920 1947 976; x_wconf 88' lang='lat' dir='ltr'><strong>petituque</strong></span> 
     </span>
     <span class='ocr_line' id='line_1_12' title="bbox 348 984 1945 1043; baseline -0.003 -9"><span class='ocrx_word' id='word_1_81' title='bbox 348 988 601 1043; x_wconf 86' lang='lat' dir='ltr'><strong>omnium,</strong></span> <span class='ocrx_word' id='word_1_82' title='bbox 640 987 851 1033; x_wconf 85' lang='lat' dir='ltr'><strong>eandem</strong></span> <span class='ocrx_word' id='word_1_83' title='bbox 881 986 1025 1031; x_wconf 81' lang='lat' dir='ltr'><strong>illam</strong></span> <span class='ocrx_word' id='word_1_84' title='bbox 1056 986 1362 1031; x_wconf 76' lang='lat' dir='ltr'><strong>sententiam</strong></span> <span class='ocrx_word' id='word_1_85' title='bbox 1390 984 1572 1030; x_wconf 75' lang='lat' dir='ltr'><strong>diserti</strong></span> <span class='ocrx_word' id='word_1_86' title='bbox 1605 985 1708 1029; x_wconf 86' lang='lat' dir='ltr'><strong>viri</strong></span> <span class='ocrx_word' id='word_1_87' title='bbox 1743 984 1945 1031; x_wconf 88' lang='lat' dir='ltr'><strong>cuicui-</strong></span> 
     </span>
     <span class='ocr_line' id='line_1_13' title="bbox 346 1050 1946 1112; baseline -0.003 -11"><span class='ocrx_word' id='word_1_88' title='bbox 346 1054 487 1101; x_wconf 89' lang='lat' dir='ltr'><strong>modi</strong></span> <span class='ocrx_word' id='word_1_89' title='bbox 519 1058 695 1112; x_wconf 83' lang='lat' dir='ltr'><strong>posset</strong></span> <span class='ocrx_word' id='word_1_90' title='bbox 725 1053 892 1099; x_wconf 81' lang='lat' dir='ltr'><strong>verbis</strong></span> <span class='ocrx_word' id='word_1_91' title='bbox 918 1051 1116 1098; x_wconf 81' lang='lat' dir='ltr'><strong>dicere:</strong></span> <span class='ocrx_word' id='word_1_92' title='bbox 1157 1055 1238 1110; x_wconf 88' lang='lat' dir='ltr'><strong>ut,</strong></span> <span class='ocrx_word' id='word_1_93' title='bbox 1279 1052 1423 1097; x_wconf 87' lang='lat' dir='ltr'><strong>nulla</strong></span> <span class='ocrx_word' id='word_1_94' title='bbox 1449 1050 1644 1109; x_wconf 85' lang='lat' dir='ltr'><strong>peioris</strong></span> <span class='ocrx_word' id='word_1_95' title='bbox 1675 1051 1946 1096; x_wconf 85' lang='lat' dir='ltr'><strong>mentione</strong></span> 
     </span>
     <span class='ocr_line' id='line_1_14' title="bbox 346 1116 1948 1179; baseline -0.002 -12"><span class='ocrx_word' id='word_1_96' title='bbox 346 1120 548 1179; x_wconf 84' lang='lat' dir='ltr'><strong>habita,</strong></span> <span class='ocrx_word' id='word_1_97' title='bbox 587 1120 767 1167; x_wconf 87' lang='lat' dir='ltr'><strong>scitum</strong></span> <span class='ocrx_word' id='word_1_98' title='bbox 790 1124 941 1177; x_wconf 86' lang='lat' dir='ltr'><strong>atque</strong></span> <span class='ocrx_word' id='word_1_99' title='bbox 964 1118 1224 1164; x_wconf 86' lang='lat' dir='ltr'><strong>decretum</strong></span> <span class='ocrx_word' id='word_1_100' title='bbox 1247 1118 1424 1176; x_wconf 88' lang='lat' dir='ltr'><strong>populi</strong></span> <span class='ocrx_word' id='word_1_101' title='bbox 1445 1131 1510 1163; x_wconf 84' lang='lat' dir='ltr'><strong>ex</strong></span> <span class='ocrx_word' id='word_1_102' title='bbox 1533 1118 1644 1163; x_wconf 88' lang='lat' dir='ltr'><strong>eius</strong></span> <span class='ocrx_word' id='word_1_103' title='bbox 1666 1116 1820 1163; x_wconf 91' lang='lat' dir='ltr'><strong>unius</strong></span> <span class='ocrx_word' id='word_1_104' title='bbox 1852 1131 1948 1163; x_wconf 86' lang='lat' dir='ltr'><strong>no·</strong></span> 
     </span>
     <span class='ocr_line' id='line_1_15' title="bbox 348 1184 1946 1244; baseline -0.003 -10"><span class='ocrx_word' id='word_1_105' title='bbox 348 1186 484 1234; x_wconf 85' lang='lat' dir='ltr'><strong>mine</strong></span> <span class='ocrx_word' id='word_1_106' title='bbox 514 1188 681 1244; x_wconf 84' lang='lat' dir='ltr'><strong>fieret,</strong></span> <span class='ocrx_word' id='word_1_107' title='bbox 720 1187 856 1244; x_wconf 87' lang='lat' dir='ltr'><strong>quod</strong></span> <span class='ocrx_word' id='word_1_108' title='bbox 885 1186 1049 1242; x_wconf 87' lang='lat' dir='ltr'><strong>ipsum</strong></span> <span class='ocrx_word' id='word_1_109' title='bbox 1080 1186 1244 1231; x_wconf 85' lang='lat' dir='ltr'><strong>denuo</strong></span> <span class='ocrx_word' id='word_1_110' title='bbox 1274 1184 1496 1230; x_wconf 81' lang='lat' dir='ltr'><strong>dixerat.</strong></span> <span class='ocrx_word' id='word_1_111' title='bbox 1567 1184 1617 1227; x_wconf 74' lang='lat'><strong>7.</strong></span> <span class='ocrx_word' id='word_1_112' title='bbox 1657 1184 1825 1241; x_wconf 86' lang='lat' dir='ltr'><strong>Atque</strong></span> <span class='ocrx_word' id='word_1_113' title='bbox 1855 1184 1946 1241; x_wconf 83' lang='lat' dir='ltr'><strong>ita,</strong></span> 
     </span>
     <span class='ocr_line' id='line_1_16' title="bbox 348 1246 1948 1311; baseline -0.003 -12"><span class='ocrx_word' id='word_1_114' title='bbox 348 1259 407 1299; x_wconf 89' lang='lat' dir='ltr'><strong>ut</strong></span> <span class='ocrx_word' id='word_1_115' title='bbox 426 1257 660 1299; x_wconf 73' lang='lat' dir='ltr'><strong>suaserat</strong></span> <span class='ocrx_word' id='word_1_116' title='bbox 678 1251 1103 1311; x_wconf 87' lang='lat' dir='ltr'><strong>prudentissimus</strong></span> <span class='ocrx_word' id='word_1_117' title='bbox 1125 1264 1301 1305; x_wconf 83' lang='lat' dir='ltr'><strong>senex,</strong></span> <span class='ocrx_word' id='word_1_118' title='bbox 1322 1252 1510 1296; x_wconf 81' lang='lat' dir='ltr'><strong>factum</strong></span> <span class='ocrx_word' id='word_1_119' title='bbox 1527 1246 1622 1295; x_wconf 80' lang='lat' dir='ltr'><strong>est.</strong></span> <span class='ocrx_word' id='word_1_120' title='bbox 1666 1254 1716 1296; x_wconf 85' lang='lat'><strong>8.</strong></span> <span class='ocrx_word' id='word_1_121' title='bbox 1749 1251 1836 1297; x_wconf 85' lang='lat' dir='ltr'><strong>Sic</strong></span> <span class='ocrx_word' id='word_1_122' title='bbox 1859 1253 1948 1297; x_wconf 82' lang='lat' dir='ltr'><strong>bo-</strong></span> 
     </span>
     <span class='ocr_line' id='line_1_17' title="bbox 348 1312 1693 1377; baseline -0.002 -12"><span class='ocrx_word' id='word_1_123' title='bbox 348 1333 415 1365; x_wconf 89' lang='lat' dir='ltr'><strong>ua</strong></span> <span class='ocrx_word' id='word_1_124' title='bbox 436 1319 692 1365; x_wconf 85' lang='lat' dir='ltr'><strong>sententia</strong></span> <span class='ocrx_word' id='word_1_125' title='bbox 710 1320 925 1377; x_wconf 87' lang='lat' dir='ltr'><strong>mansit;</strong></span> <span class='ocrx_word' id='word_1_126' title='bbox 964 1318 1130 1376; x_wconf 83' lang='lat' dir='ltr'><strong>turpis</strong></span> <span class='ocrx_word' id='word_1_127' title='bbox 1151 1322 1336 1364; x_wconf 79' lang='lat' dir='ltr'><strong>auctor</strong></span> <span class='ocrx_word' id='word_1_128' title='bbox 1353 1312 1576 1364; x_wconf 79' lang='lat' dir='ltr'><strong>mutatus</strong></span> <span class='ocrx_word' id='word_1_129' title='bbox 1599 1320 1693 1362; x_wconf 84' lang='lat' dir='ltr'><strong>est.</strong></span> 
     </span>
    </p>
   </div>
   <div class='ocr_carea' id='block_1_3' title="bbox 869 1458 1418 1512">
    <p class='ocr_par' dir='ltr' id='par_1_3' title="bbox 869 1458 1418 1512">
     <span class='ocr_line' id='line_1_18' title="bbox 869 1458 1418 1512; baseline -0.002 -1"><span class='ocrx_word' id='word_1_130' title='bbox 869 1458 1242 1511; x_wconf 74' lang='lat' dir='ltr'><strong>CAPUT</strong></span> <span class='ocrx_word' id='word_1_131' title='bbox 1314 1459 1418 1512; x_wconf 88' lang='lat' dir='ltr'><strong>IV.</strong></span> 
     </span>
    </p>
   </div>
   <div class='ocr_carea' id='block_1_4' title="bbox 346 1540 1947 2774">
    <p class='ocr_par' dir='ltr' id='par_1_4' title="bbox 408 1540 1947 1759">
     <span class='ocr_line' id='line_1_19' title="bbox 408 1540 1947 1600; baseline 0.001 -16"><span class='ocrx_word' id='word_1_132' title='bbox 408 1542 538 1590; x_wconf 76' lang='lat' dir='ltr'><strong>Quod</strong></span> <span class='ocrx_word' id='word_1_133' title='bbox 560 1540 793 1598; x_wconf 76' lang='lat' dir='ltr'><strong>Sulpicius</strong></span> <span class='ocrx_word' id='word_1_134' title='bbox 820 1542 1108 1597; x_wconf 74' lang='lat' dir='ltr'><strong>Apollinaris</strong></span> <span class='ocrx_word' id='word_1_135' title='bbox 1139 1542 1488 1598; x_wconf 74' lang='lat' dir='ltr'><strong>praedicantem</strong></span> <span class='ocrx_word' id='word_1_136' title='bbox 1516 1544 1758 1600; x_wconf 75' lang='lat' dir='ltr'><strong>quendam,</strong></span> <span class='ocrx_word' id='word_1_137' title='bbox 1799 1557 1830 1584; x_wconf 76' lang='lat' dir='ltr'><strong>a</strong></span> <span class='ocrx_word' id='word_1_138' title='bbox 1858 1555 1947 1586; x_wconf 78' lang='lat' dir='ltr'><strong>sese</strong></span> 
     </span>
     <span class='ocr_line' id='line_1_20' title="bbox 459 1597 1942 1654; baseline 0.001 -15"><span class='ocrx_word' id='word_1_139' title='bbox 459 1611 547 1639; x_wconf 85' lang='lat' dir='ltr'><strong>uno</strong></span> <span class='ocrx_word' id='word_1_140' title='bbox 570 1597 783 1641; x_wconf 72' lang='lat' dir='ltr'><strong>Sallustii</strong></span> <span class='ocrx_word' id='word_1_141' title='bbox 800 1598 1017 1640; x_wconf 73' lang='lat' dir='ltr'><strong>historias</strong></span> <span class='ocrx_word' id='word_1_142' title='bbox 1036 1598 1258 1652; x_wconf 74' lang='lat' dir='ltr'><strong>intelligi,</strong></span> <span class='ocrx_word' id='word_1_143' title='bbox 1286 1598 1453 1648; x_wconf 77' lang='lat' dir='ltr'><strong>illusit,</strong></span> <span class='ocrx_word' id='word_1_144' title='bbox 1491 1598 1754 1654; x_wconf 76' lang='lat' dir='ltr'><strong>quaestione</strong></span> <span class='ocrx_word' id='word_1_145' title='bbox 1767 1611 1942 1654; x_wconf 77' lang='lat' dir='ltr'><strong>propo-</strong></span> 
     </span>
     <span class='ocr_line' id='line_1_21' title="bbox 457 1652 1943 1710; baseline 0 -16"><span class='ocrx_word' id='word_1_146' title='bbox 457 1653 572 1702; x_wconf 76' lang='lat' dir='ltr'><strong>sita,</strong></span> <span class='ocrx_word' id='word_1_147' title='bbox 610 1654 719 1710; x_wconf 74' lang='lat' dir='ltr'><strong>quid</strong></span> <span class='ocrx_word' id='word_1_148' title='bbox 742 1654 875 1696; x_wconf 68' lang='lat' dir='ltr'><strong>verba</strong></span> <span class='ocrx_word' id='word_1_149' title='bbox 907 1653 1001 1695; x_wconf 75' lang='lat' dir='ltr'><strong>ista</strong></span> <span class='ocrx_word' id='word_1_150' title='bbox 1028 1657 1157 1708; x_wconf 75' lang='lat' dir='ltr'><strong>aput!</strong></span> <span class='ocrx_word' id='word_1_151' title='bbox 1179 1653 1449 1698; x_wconf 77' lang='lat' dir='ltr'><strong>Sallustium</strong></span> <span class='ocrx_word' id='word_1_152' title='bbox 1473 1652 1818 1709; x_wconf 53' lang='lat' dir='ltr'><strong>significaram</strong></span> <span class='ocrx_word' id='word_1_153' title='bbox 1857 1655 1943 1697; x_wconf 82' lang='lat' dir='ltr'><strong>in-</strong></span> 
     </span>
     <span class='ocr_line' id='line_1_22' title="bbox 462 1709 1396 1759; baseline 0.003 -9"><span class='ocrx_word' id='word_1_154' title='bbox 462 1721 551 1750; x_wconf 82' lang='lat' dir='ltr'><strong>cer</strong></span> <span class='ocrx_word' id='word_1_155' title='bbox 564 1715 696 1759; x_wconf 81' lang='lat' dir='ltr'><strong>tum,</strong></span> <span class='ocrx_word' id='word_1_156' title='bbox 735 1724 756 1751; x_wconf 89' lang='lat' dir='ltr'><strong>s</strong></span> <span class='ocrx_word' id='word_1_157' title='bbox 772 1709 1041 1759; x_wconf 73' lang='lat' dir='ltr'><strong>condior,</strong></span> <span class='ocrx_word' id='word_1_158' title='bbox 1075 1723 1145 1750; x_wconf 82' lang='lat' dir='ltr'><strong>an</strong></span> <span class='ocrx_word' id='word_1_159' title='bbox 1174 1724 1200 1753; x_wconf 83' lang='grc' dir='ltr'><strong><em>υ</em></strong></span> <span class='ocrx_word' id='word_1_160' title='bbox 1215 1709 1396 1753; x_wconf 71' lang='lat' dir='ltr'><strong>unior.</strong></span> 
     </span>
    </p>

    <p class='ocr_par' dir='ltr' id='par_1_5' title="bbox 346 1784 1941 2774">
     <span class='ocr_line' id='line_1_23' title="bbox 422 1784 1939 1843; baseline 0 -13"><span class='ocrx_word' id='word_1_161' title='bbox 422 1786 464 1830; x_wconf 90' lang='lat' dir='ltr'><strong>l.</strong></span> <span class='ocrx_word' id='word_1_162' title='bbox 506 1785 627 1830; x_wconf 81' lang='lat' dir='ltr'><strong>Cum</strong></span> <span class='ocrx_word' id='word_1_163' title='bbox 657 1784 758 1830; x_wconf 88' lang='lat' dir='ltr'><strong>iam</strong></span> <span class='ocrx_word' id='word_1_164' title='bbox 788 1785 1169 1832; x_wconf 77' lang='lat' dir='ltr'><strong>adolescentuli</strong></span> <span class='ocrx_word' id='word_1_165' title='bbox 1191 1785 1382 1831; x_wconf 83' lang='lat' dir='ltr'><strong>Romae</strong></span> <span class='ocrx_word' id='word_1_166' title='bbox 1405 1785 1726 1843; x_wconf 80' lang='lat' dir='ltr'><strong>praetextam</strong></span> <span class='ocrx_word' id='word_1_167' title='bbox 1747 1787 1799 1830; x_wconf 91' lang='lat' dir='ltr'><strong>et</strong></span> <span class='ocrx_word' id='word_1_168' title='bbox 1816 1798 1939 1842; x_wconf 85' lang='lat' dir='ltr'><strong>pue-</strong></span> 
     </span>
     <span class='ocr_line' id='line_1_24' title="bbox 348 1845 1940 1910; baseline -0.001 -12"><span class='ocrx_word' id='word_1_169' title='bbox 348 1845 500 1899; x_wconf 74' lang='lat' dir='ltr'><strong>rilem</strong></span> <span class='ocrx_word' id='word_1_170' title='bbox 548 1854 717 1910; x_wconf 79' lang='lat' dir='ltr'><strong>togam</strong></span> <span class='ocrx_word' id='word_1_171' title='bbox 762 1855 1128 1907; x_wconf 82' lang='lat' dir='ltr'><strong>mutassemus,</strong></span> <span class='ocrx_word' id='word_1_172' title='bbox 1173 1851 1547 1910; x_wconf 78' lang='lat' dir='ltr'><strong>magistrosque</strong></span> <span class='ocrx_word' id='word_1_173' title='bbox 1595 1855 1720 1898; x_wconf 89' lang='lat' dir='ltr'><strong>tunc</strong></span> <span class='ocrx_word' id='word_1_174' title='bbox 1768 1851 1940 1897; x_wconf 85' lang='lat' dir='ltr'><strong>nobis-</strong></span> 
     </span>
     <span class='ocr_line' id='line_1_25' title="bbox 350 1918 1941 1976; baseline -0.001 -12"><span class='ocrx_word' id='word_1_175' title='bbox 350 1918 555 1976; x_wconf 86' lang='lat' dir='ltr'><strong>metipsi</strong></span> <span class='ocrx_word' id='word_1_176' title='bbox 576 1918 962 1976; x_wconf 82' lang='lat' dir='ltr'><strong>exploratiores</strong></span> <span class='ocrx_word' id='word_1_177' title='bbox 983 1931 1370 1976; x_wconf 85' lang='lat' dir='ltr'><strong>quaereremus:</strong></span> <span class='ocrx_word' id='word_1_178' title='bbox 1411 1918 1466 1964; x_wconf 88' lang='lat' dir='ltr'><strong>in</strong></span> <span class='ocrx_word' id='word_1_179' title='bbox 1485 1918 1814 1964; x_wconf 82' lang='lat' dir='ltr'><strong>Sandaliario</strong></span> <span class='ocrx_word' id='word_1_180' title='bbox 1835 1919 1941 1963; x_wconf 82' lang='lat' dir='ltr'><strong>for-</strong></span> 
     </span>
     <span class='ocr_line' id='line_1_26' title="bbox 348 1984 1940 2043; baseline -0.001 -11"><span class='ocrx_word' id='word_1_181' title='bbox 348 1989 399 2032; x_wconf 89' lang='lat' dir='ltr'><strong>te</strong></span> <span class='ocrx_word' id='word_1_182' title='bbox 421 1985 552 2043; x_wconf 82' lang='lat' dir='ltr'><strong>apud</strong></span> <span class='ocrx_word' id='word_1_183' title='bbox 575 1985 815 2031; x_wconf 86' lang='lat' dir='ltr'><strong>librarios</strong></span> <span class='ocrx_word' id='word_1_184' title='bbox 838 1986 1053 2042; x_wconf 82' lang='lat' dir='ltr'><strong>fuimus3</strong></span> <span class='ocrx_word' id='word_1_185' title='bbox 1089 1999 1202 2030; x_wconf 89' lang='lat' dir='ltr'><strong>cum</strong></span> <span class='ocrx_word' id='word_1_186' title='bbox 1221 1985 1288 2030; x_wconf 89' lang='lat' dir='ltr'><strong>ibi</strong></span> <span class='ocrx_word' id='word_1_187' title='bbox 1312 1984 1366 2029; x_wconf 87' lang='lat' dir='ltr'><strong>in</strong></span> <span class='ocrx_word' id='word_1_188' title='bbox 1383 1986 1662 2031; x_wconf 86' lang='lat' dir='ltr'><strong>multorum</strong></span> <span class='ocrx_word' id='word_1_189' title='bbox 1684 1984 1940 2030; x_wconf 86' lang='lat' dir='ltr'><strong>hominum</strong></span> 
     </span>
     <span class='ocr_line' id='line_1_27' title="bbox 353 2051 1940 2110; baseline -0.004 -10"><span class='ocrx_word' id='word_1_190' title='bbox 353 2057 503 2099; x_wconf 87' lang='lat' dir='ltr'><strong>coetu</strong></span> <span class='ocrx_word' id='word_1_191' title='bbox 523 2052 845 2110; x_wconf 80' lang='lat' dir='ltr'><strong>Apollinaris</strong></span> <span class='ocrx_word' id='word_1_192' title='bbox 868 2051 1146 2108; x_wconf 88' lang='lat' dir='ltr'><strong>Sulpicius,</strong></span> <span class='ocrx_word' id='word_1_193' title='bbox 1161 2051 1242 2096; x_wconf 88' lang='lat' dir='ltr'><strong>vir</strong></span> <span class='ocrx_word' id='word_1_194' title='bbox 1261 2051 1316 2095; x_wconf 91' lang='lat' dir='ltr'><strong>in</strong></span> <span class='ocrx_word' id='word_1_195' title='bbox 1334 2052 1582 2098; x_wconf 86' lang='lat' dir='ltr'><strong>memoria</strong></span> <span class='ocrx_word' id='word_1_196' title='bbox 1601 2053 1780 2098; x_wconf 85' lang='lat' dir='ltr'><strong>nostra</strong></span> <span class='ocrx_word' id='word_1_197' title='bbox 1799 2063 1940 2108; x_wconf 85' lang='lat' dir='ltr'><strong>prae-</strong></span> 
     </span>
     <span class='ocr_line' id='line_1_28' title="bbox 350 2117 1936 2176; baseline -0.002 -12"><span class='ocrx_word' id='word_1_198' title='bbox 350 2123 431 2164; x_wconf 87' lang='lat' dir='ltr'><strong>ter</strong></span> <span class='ocrx_word' id='word_1_199' title='bbox 451 2118 585 2164; x_wconf 86' lang='lat' dir='ltr'><strong>alios</strong></span> <span class='ocrx_word' id='word_1_200' title='bbox 608 2119 813 2175; x_wconf 86' lang='lat' dir='ltr'><strong>doctus,</strong></span> <span class='ocrx_word' id='word_1_201' title='bbox 852 2117 1155 2163; x_wconf 77' lang='lat' dir='ltr'><strong>iactatorem</strong></span> <span class='ocrx_word' id='word_1_202' title='bbox 1189 2118 1475 2176; x_wconf 89' lang='lat' dir='ltr'><strong>quempiam</strong></span> <span class='ocrx_word' id='word_1_203' title='bbox 1496 2121 1550 2164; x_wconf 87' lang='lat' dir='ltr'><strong>et</strong></span> <span class='ocrx_word' id='word_1_204' title='bbox 1567 2117 1936 2164; x_wconf 78' lang='lat' dir='ltr'><strong>venditatorem</strong></span> 
     </span>
     <span class='ocr_line' id='line_1_29' title="bbox 355 2183 1938 2242; baseline -0.002 -12"><span class='ocrx_word' id='word_1_205' title='bbox 355 2185 705 2230; x_wconf 87' lang='lat' dir='ltr'><strong>Sallustianae</strong></span> <span class='ocrx_word' id='word_1_206' title='bbox 734 2183 976 2229; x_wconf 83' lang='lat' dir='ltr'><strong>lectionis</strong></span> <span class='ocrx_word' id='word_1_207' title='bbox 1009 2183 1198 2239; x_wconf 89' lang='lat' dir='ltr'><strong>irrisit,</strong></span> <span class='ocrx_word' id='word_1_208' title='bbox 1239 2183 1505 2240; x_wconf 80' lang='lat' dir='ltr'><strong>illusitque</strong></span> <span class='ocrx_word' id='word_1_209' title='bbox 1534 2197 1724 2242; x_wconf 85' lang='lat' dir='ltr'><strong>genere</strong></span> <span class='ocrx_word' id='word_1_210' title='bbox 1745 2183 1841 2228; x_wconf 91' lang='lat' dir='ltr'><strong>illo</strong></span> <span class='ocrx_word' id='word_1_211' title='bbox 1865 2185 1938 2228; x_wconf 85' lang='lat' dir='ltr'><strong>fa-</strong></span> 
     </span>
     <span class='ocr_line' id='line_1_30' title="bbox 351 2249 1936 2308; baseline -0.003 -11"><span class='ocrx_word' id='word_1_212' title='bbox 351 2251 641 2298; x_wconf 84' lang='lat' dir='ltr'><strong>cetissimae</strong></span> <span class='ocrx_word' id='word_1_213' title='bbox 671 2250 1128 2308; x_wconf 84' lang='lat' dir='ltr'><strong>dissimulationis,</strong></span> <span class='ocrx_word' id='word_1_214' title='bbox 1174 2263 1276 2306; x_wconf 85' lang='lat' dir='ltr'><strong>qua</strong></span> <span class='ocrx_word' id='word_1_215' title='bbox 1303 2251 1547 2297; x_wconf 88' lang='lat' dir='ltr'><strong>Socrates</strong></span> <span class='ocrx_word' id='word_1_216' title='bbox 1579 2251 1643 2296; x_wconf 86' lang='lat' dir='ltr'><strong>ad</strong></span> <span class='ocrx_word' id='word_1_217' title='bbox 1686 2249 1936 2308; x_wconf 85' lang='lat' dir='ltr'><strong>sophistas</strong></span> 
     </span>
     <span class='ocr_line' id='line_1_31' title="bbox 350 2315 1938 2364; baseline -0.001 -2"><span class='ocrx_word' id='word_1_218' title='bbox 350 2320 605 2364; x_wconf 85' lang='lat' dir='ltr'><strong>utebatur.</strong></span> <span class='ocrx_word' id='word_1_219' title='bbox 676 2317 723 2360; x_wconf 87' lang='lat'><strong>2.</strong></span> <span class='ocrx_word' id='word_1_220' title='bbox 756 2319 883 2361; x_wconf 91' lang='lat' dir='ltr'><strong>Nam</strong></span> <span class='ocrx_word' id='word_1_221' title='bbox 906 2331 1015 2362; x_wconf 86' lang='lat' dir='ltr'><strong>cum</strong></span> <span class='ocrx_word' id='word_1_222' title='bbox 1038 2316 1129 2362; x_wconf 89' lang='lat' dir='ltr'><strong>ille</strong></span> <span class='ocrx_word' id='word_1_223' title='bbox 1149 2329 1382 2362; x_wconf 75' lang='lat' dir='ltr'><strong>seunum</strong></span> <span class='ocrx_word' id='word_1_224' title='bbox 1402 2321 1454 2362; x_wconf 85' lang='lat' dir='ltr'><strong>et</strong></span> <span class='ocrx_word' id='word_1_225' title='bbox 1473 2317 1680 2362; x_wconf 90' lang='lat' dir='ltr'><strong>unicum</strong></span> <span class='ocrx_word' id='word_1_226' title='bbox 1700 2315 1938 2361; x_wconf 86' lang='lat' dir='ltr'><strong>lectorem</strong></span> 
     </span>
     <span class='ocr_line' id='line_1_32' title="bbox 348 2381 1938 2442; baseline -0.002 -13"><span class='ocrx_word' id='word_1_227' title='bbox 348 2397 461 2429; x_wconf 85' lang='lat' dir='ltr'><strong>esse</strong></span> <span class='ocrx_word' id='word_1_228' title='bbox 502 2383 947 2439; x_wconf 82' lang='lat' dir='ltr'><strong>enarratoremque</strong></span> <span class='ocrx_word' id='word_1_229' title='bbox 988 2382 1224 2428; x_wconf 85' lang='lat' dir='ltr'><strong>Sallustii</strong></span> <span class='ocrx_word' id='word_1_230' title='bbox 1260 2382 1480 2442; x_wconf 77' lang='lat' dir='ltr'><strong>diceret3</strong></span> <span class='ocrx_word' id='word_1_231' title='bbox 1528 2395 1696 2440; x_wconf 86' lang='lat' dir='ltr'><strong>neque</strong></span> <span class='ocrx_word' id='word_1_232' title='bbox 1733 2381 1938 2439; x_wconf 88' lang='lat' dir='ltr'><strong>primam</strong></span> 
     </span>
     <span class='ocr_line' id='line_1_33' title="bbox 348 2448 1937 2508; baseline -0.002 -14"><span class='ocrx_word' id='word_1_233' title='bbox 348 2453 549 2496; x_wconf 84' lang='lat' dir='ltr'><strong>tantum</strong></span> <span class='ocrx_word' id='word_1_234' title='bbox 570 2452 762 2506; x_wconf 88' lang='lat' dir='ltr'><strong>cutem,</strong></span> <span class='ocrx_word' id='word_1_235' title='bbox 793 2461 851 2493; x_wconf 85' lang='lat' dir='ltr'><strong>ac</strong></span> <span class='ocrx_word' id='word_1_236' title='bbox 870 2449 1242 2494; x_wconf 85' lang='lat' dir='ltr'><strong>sententiarum</strong></span> <span class='ocrx_word' id='word_1_237' title='bbox 1263 2450 1502 2508; x_wconf 85' lang='lat' dir='ltr'><strong>speciem,</strong></span> <span class='ocrx_word' id='word_1_238' title='bbox 1533 2450 1624 2495; x_wconf 83' lang='lat' dir='ltr'><strong>sed</strong></span> <span class='ocrx_word' id='word_1_239' title='bbox 1643 2448 1937 2505; x_wconf 86' lang='lat' dir='ltr'><strong>sanguinem</strong></span> 
     </span>
     <span class='ocr_line' id='line_1_34' title="bbox 348 2515 1936 2573; baseline -0.002 -12"><span class='ocrx_word' id='word_1_240' title='bbox 348 2529 551 2573; x_wconf 88' lang='lat' dir='ltr'><strong>quoque</strong></span> <span class='ocrx_word' id='word_1_241' title='bbox 574 2516 759 2572; x_wconf 87' lang='lat' dir='ltr'><strong>ipsum,</strong></span> <span class='ocrx_word' id='word_1_242' title='bbox 790 2527 850 2560; x_wconf 88' lang='lat' dir='ltr'><strong>ac</strong></span> <span class='ocrx_word' id='word_1_243' title='bbox 868 2515 1146 2560; x_wconf 89' lang='lat' dir='ltr'><strong>medullam</strong></span> <span class='ocrx_word' id='word_1_244' title='bbox 1167 2518 1436 2562; x_wconf 86' lang='lat' dir='ltr'><strong>verborum</strong></span> <span class='ocrx_word' id='word_1_245' title='bbox 1459 2517 1572 2562; x_wconf 89' lang='lat' dir='ltr'><strong>eius</strong></span> <span class='ocrx_word' id='word_1_246' title='bbox 1593 2527 1773 2562; x_wconf 83' lang='lat' dir='ltr'><strong>eruere</strong></span> <span class='ocrx_word' id='word_1_247' title='bbox 1794 2517 1936 2570; x_wconf 87' lang='lat' dir='ltr'><strong>atque</strong></span> 
     </span>
     <span class='ocr_line' id='line_1_35' title="bbox 348 2579 1937 2640; baseline -0.003 -12"><span class='ocrx_word' id='word_1_248' title='bbox 348 2581 689 2638; x_wconf 87' lang='lat' dir='ltr'><strong>introspicere</strong></span> <span class='ocrx_word' id='word_1_249' title='bbox 718 2581 922 2636; x_wconf 84' lang='lat' dir='ltr'><strong>penitus</strong></span> <span class='ocrx_word' id='word_1_250' title='bbox 952 2581 1302 2640; x_wconf 84' lang='lat' dir='ltr'><strong>praedicaret:</strong></span> <span class='ocrx_word' id='word_1_251' title='bbox 1344 2585 1453 2629; x_wconf 90' lang='lat' dir='ltr'><strong>tum</strong></span> <span class='ocrx_word' id='word_1_252' title='bbox 1483 2579 1803 2640; x_wconf 84' lang='lat' dir='ltr'><strong>Apollinaris</strong></span> <span class='ocrx_word' id='word_1_253' title='bbox 1838 2593 1937 2624; x_wconf 86' lang='lat' dir='ltr'><strong>am-</strong></span> 
     </span>
     <span class='ocr_line' id='line_1_36' title="bbox 346 2645 1938 2706; baseline -0.001 -14"><span class='ocrx_word' id='word_1_254' title='bbox 346 2649 506 2706; x_wconf 86' lang='lat' dir='ltr'><strong>plecti</strong></span> <span class='ocrx_word' id='word_1_255' title='bbox 538 2646 875 2703; x_wconf 83' lang='lat' dir='ltr'><strong>venerarique</strong></span> <span class='ocrx_word' id='word_1_256' title='bbox 902 2661 959 2693; x_wconf 90' lang='lat' dir='ltr'><strong>se</strong></span> <span class='ocrx_word' id='word_1_257' title='bbox 990 2647 1251 2694; x_wconf 86' lang='lat' dir='ltr'><strong>doctrinas</strong></span> <span class='ocrx_word' id='word_1_258' title='bbox 1285 2648 1432 2694; x_wconf 84' lang='lat' dir='ltr'><strong>illius</strong></span> <span class='ocrx_word' id='word_1_259' title='bbox 1455 2648 1657 2694; x_wconf 83' lang='lat' dir='ltr'><strong>dicens:</strong></span> <span class='ocrx_word' id='word_1_260' title='bbox 1694 2647 1820 2702; x_wconf 84' lang='lat' dir='ltr'><strong>Per,</strong></span> <span class='ocrx_word' id='word_1_261' title='bbox 1857 2645 1938 2691; x_wconf 92' lang='lat' dir='ltr'><strong>in-</strong></span> 
     </span>
     <span class='ocr_line' id='line_1_37' title="bbox 348 2712 1934 2774; baseline 0.001 -17"><span class='ocrx_word' id='word_1_262' title='bbox 348 2712 485 2770; x_wconf 86' lang='lat' dir='ltr'><strong>quit,</strong></span> <span class='ocrx_word' id='word_1_263' title='bbox 522 2712 769 2770; x_wconf 85' lang='lat' dir='ltr'><strong>magister</strong></span> <span class='ocrx_word' id='word_1_264' title='bbox 800 2714 1021 2774; x_wconf 87' lang='lat' dir='ltr'><strong>optime,</strong></span> <span class='ocrx_word' id='word_1_265' title='bbox 1059 2717 1338 2772; x_wconf 83' lang='lat' dir='ltr'><strong>exoptatus</strong></span> <span class='ocrx_word' id='word_1_266' title='bbox 1364 2716 1489 2763; x_wconf 85' lang='lat' dir='ltr'><strong>mihi</strong></span> <span class='ocrx_word' id='word_1_267' title='bbox 1507 2727 1646 2762; x_wconf 89' lang='lat' dir='ltr'><strong>nunc</strong></span> <span class='ocrx_word' id='word_1_268' title='bbox 1663 2713 1810 2760; x_wconf 82' lang='lat' dir='ltr'><strong>venis</strong></span> <span class='ocrx_word' id='word_1_269' title='bbox 1830 2725 1934 2759; x_wconf 84' lang='lat' dir='ltr'><strong>cum</strong></span> 
     </span>
    </p>
   </div>
  </div>
 </body>
</html>
