2134 3091
633 235 795 281 Lm.
843 235 970 282 XX.
1042 233 1221 279 CAP.
1260 237 1306 280 7.
1343 239 1392 281 8.
1721 231 1827 280 45⁸1

227 365 331 399 non
358 349 512 397 nimis
544 352 705 397 anxie
742 364 907 408 neque
949 349 1308 408 superstitiose
1345 349 1624 406 loquentis.
1694 352 1826 398 Nam

226 409 383 466 sicuti
402 417 737 464 multifariam
768 417 1013 476 scriptum
1036 419 1116 462 est
1134 423 1424 463 vestrorum
1452 429 1544 474 pro
1566 423 1786 464 vestrum
1800 432 1825 477 ‚-

224 485 359 531 utin
382 483 553 529 Plauti
574 484 918 540 Mostellaria,
938 484 991 529 in
1014 484 1112 530 hoc
1133 496 1311 530 versu:

301 553 493 597 Verum
511 552 645 597 v‘llud
662 565 770 598 esse
792 565 1041 598 maxuma
1055 563 1196 609 pars
1215 555 1504 596 vestrorum
1523 549 1798 610 intellegit,

228 632 342 665 cum
374 617 537 664 vellet
564 619 798 664 max-ima
820 631 957 676 pars
996 617 1164 663 licere
1191 625 1444 664 vestrum:
1482 617 1556 664 ita
1581 629 1828 664 nonnun-

226 699 379 744 quam
407 687 573 732 vestri
598 698 799 742 quoque
829 685 1021 731 dictum
1049 686 1130 730 est
1158 697 1254 741 pro
1289 679 1534 731 oestrum.
1609 687 1687 730 13.
1726 685 1826 731 Sed

226 753 412 811 procul
444 750 598 798 dubio
620 752 707 809 qui
727 750 1015 798 rectissime
1038 749 1184 808 loqui
1208 751 1374 810 volet,
1403 758 1630 797 vestrum
1652 751 1828 809 potius

225 819 449 880 dixerit,
487 831 637 876 quam
664 820 843 865 vestri.
919 821 998 863 14.
1036 819 1106 862 Et
1134 816 1327 864 idcirco
1368 818 1825 876 importunissime,

228 883 413 944 inquit,
436 887 687 944 fecerunt,
707 884 793 942 qui
816 883 870 929 in
894 883 1154 942 plerisque
1175 884 1416 930 Sallustii
1438 885 1824 942 exemplaribus

225 952 530 1010 scripturam
551 951 703 997 istam
724 949 1125 997 sincerissimam
1147 955 1504 1010 corruperunt.
1560 953 1690 997 Nam
1712 965 1824 997 cum

225 1018 300 1064 ita
327 1020 382 1063 in
411 1017 638 1064 Catilina
665 1018 912 1074 scriptum
938 1019 1103 1063 esset:
1161 1017 1330 1076 Saepe
1351 1020 1574 1064 maiores
1596 1020 1844 1063 vestr-rim·

223 1086 445 1130 miseriti
455 1086 623 1142 plebis
643 1085 941 1130 Romanae:
981 1089 1208 1130 vestrum
1228 1085 1552 1141 obleverunt,
1591 1087 1644 1130 et
1661 1087 1827 1130 vestri

224 1150 731 1208 superscripserunt..
806 1149 891 1197 Ex
939 1163 1042 1207 quo
1089 1150 1144 1195 in
1194 1149 1370 1207 plures
1409 1149 1573 1196 libros
1610 1151 1824 1197 mend-ae

224 1218 379 1263 istius
409 1216 615 1262 indoles
646 1215 890 1261 manavit.
964 1219 1043 1262 15.
1081 1217 1222 1262 Haec
1248 1216 1457 1263 memini
1477 1215 1601 1261 mihi
1619 1217 1826 1274 Apolli-

222 1297 401 1329 narem
420 1282 619 1342 dicere,
648 1296 809 1340 eaque
830 1285 953 1329 tunc
973 1282 1112 1343 ipsa,
1146 1283 1221 1328 ita
1242 1285 1299 1330 ut
1318 1283 1456 1330 dicta
1477 1284 1698 1346 fuerant,
1728 1297 1824 1328 no-

223 1351 351 1397 tavi.

736 1415 857 1464 CA
891 1414 935 1466 P
971 1415 1019 1467 U
1052 1415 1104 1465 Τ
1172 1413 1317 1467 Vll.

284 1490 427 1604 aniu'm
454 1489 658 1534 ‹eiooemae
684 1489 965 1534 Graecorum
994 1493 1245 1536 centenum
1271 1505 1404 1550 super
1439 1505 1622 1534 numero
1649 1490 1826 1536 Niobae

391 1561 553 1590 lorum.

298 1629 340 1671 Ι.
369 1625 507 1671 Mira
529 1626 582 1671 et
600 1638 757 1684 prope
776 1624 907 1672 adeo
926 1624 1148 1672 ridicula
1167 1625 1442 1673 diversitas
1465 1625 1672 1671 fabulae
1693 1628 1822 1684 apud

222 1693 454 1739 Graecos
481 1694 663 1750 poetas
692 1692 1092 1749 deprehenditur
1119 1706 1275 1750 super
1301 1706 1516 1739 numero
1538 1693 1736 1738 Niobae
1771 1696 1826 1737 ii-

221 1760 431 1809 liorum.
500 1761 549 1803 2.
589 1760 717 1805 Nam
738 1760 993 1806 Homerus
1023 1772 1208 1817 pueros
1238 1760 1539 1816 puellasque
1562 1759 1675 1803 eius
1697 1755 1822 1821 [bis]

220 1840 375 1871 senos
409 1824 534 1870 dicit
564 1824 757 1881 fuisse,
794 1826 1067 1883 Euripides
1102 1825 1180 1871 bis
1209 1830 1478 1883 septenos,
1517 1824 1720 1882 Sappho
1745 1826 1822 1869 bis

222 1904 468 1947 novenos,
488 1890 823 1948 Bacchylides
844 1896 894 1938 et
915 1892 1170 1937 Pindarus
1189 1892 1268 1937 bis
1289 1892 1476 1949 denos3
1506 1890 1708 1946 quidam
1731 1891 1822 1935 alii

222 1957 502 2015 scriptores
523 1959 630 2001 tres
652 1957 814 2002 fuisse
834 1958 979 2003 solos
1001 1957 1265 2003 dixerunt.

713 2075 995 2128 cAPU
1032 2077 1082 2125 Τ
1153 2076 1328 2128 V111.

279 2150 345 2194 Dc
364 2150 446 2201 his,
476 2164 589 2206 quae
609 2151 771 2195 habere
789 2161 1064 2207 συμπάθειαν
1083 2152 1294 2197 videntur
1314 2166 1413 2197 cum
1433 2156 1540 2197 {mm
1561 2162 1824 2209 augescente

334 2220 391 2247 ac
404 2212 657 2257 sanescente,

296 2285 337 2327 1.
368 2280 633 2328 Annianus
652 2284 809 2340 poeta
830 2282 883 2329 in
908 2284 1069 2330 fundo
1089 2296 1200 2342 suo,
1222 2297 1368 2343 quem
1390 2286 1444 2331 in
1465 2298 1589 2343 agro
1612 2286 1820 2333 Falisco

220 2348 545 2407 possidebat,
580 2350 779 2408 agitare
807 2354 918 2397 erat
946 2351 1135 2397 solitus
1156 2351 1462 2398 vindemiam
1484 2352 1647 2399 hilare
1669 2358 1821 2411 alque

222 2414 526 2461 amoeniter.
590 2418 637 2461 2.
661 2417 740 2462 Ad
758 2430 847 2463 eos
869 2416 979 2463 dies
1000 2432 1081 2463 me
1102 2422 1154 2463 et
1174 2419 1420 2475 quosdam
1443 2420 1560 2464 item
1582 2421 1718 2466 alios
1743 2422 1820 2465 fa-

220 2482 694 2541 miliaresyocavit.
766 2488 814 2529 3.
856 2486 928 2529 ibi
950 2487 1057 2530 tum
1080 2486 1414 2532 coenantibus
1434 2486 1584 2532 nobis
1605 2500 1820 2545 magnus

220 2551 510 2594 ostrearum
536 2562 780 2595 numerus
802 2552 961 2596 Roma
982 2550 1170 2598 missus
1193 2556 1287 2597 est.
1361 2552 1504 2605 Quae
1529 2568 1636 2597 cum
1661 2565 1815 2613 appo·

217 2615 353 2663 sitae
375 2614 623 2671 fuissent,
664 2618 717 2661 et
737 2617 928 2663 multae
952 2616 1174 2675 quidem,
1219 2618 1306 2665 sed
1333 2618 1572 2667 inuberes
1591 2634 1820 2667 macrae-

217 2695 316 2739 que
336 2685 537 2729 essent:
571 2683 718 2730 Luna
740 2683 909 2742 inquit
927 2683 1214 2741 Annianus,
1245 2699 1381 2731 nunc
1400 2686 1647 2733 videlicet
1665 2700 1820 2733 sene-

217 2747 341 2797 scit:
386 2762 449 2795 ea
474 2763 532 2797 re
564 2754 736 2798 ostrea
764 2764 993 2812 quoque,
1032 2751 1187 2801 sicuti
1213 2752 1319 2801 alia
1347 2754 1610 2819 quaedam,
1649 2753 1822 2802 tenuis
