2134 3091
286 180 394 239 448
786 190 1001 238 Aum
1071 188 1390 237 ennon

285 312 370 355 2⁰.
409 308 540 355 Tum
559 308 687 355 Sex.
707 306 987 363 Caecilius,
1015 306 1290 365 amplexus
1308 308 1526 365 utraque
1544 317 1699 353 manu
1716 304 1889 353 Favo-

285 376 480 421 rinum:
523 376 601 421 Tu
624 387 698 433 es,
730 373 927 433 inquit,
958 385 1091 419 unus
1112 375 1344 431 profecto
1366 372 1421 419 in
1440 377 1623 420 nostra
1640 372 1892 420 memoria

285 457 390 489 uon
428 442 617 488 Graiae
657 440 810 488 modo
823 472 842 497 ,
891 440 982 486 sed
1019 442 1075 486 et
1111 441 1371 487 Romanae
1401 439 1482 487 rei
1522 439 1887 499 peritissimus.
1928 441 1939 452 '

289 510 419 563 Quis
458 508 592 555 enim
631 507 1056 566 pbilosophorum
1094 506 1399 566 disciplinae
1437 520 1563 553 suae
1600 507 1742 565 leges
1786 510 1888 551 tam

285 576 414 622 scite
437 579 588 631 atque
610 575 760 621 docte
780 574 952 631 callet,
981 586 1133 630 quam
1151 574 1295 632 leges
1316 576 1371 620 tu
1391 576 1599 621 nostras
1617 571 1887 619 Decemvi-

283 643 425 689 rales
445 640 802 701 percalluistil
873 642 954 686 21.
993 640 1123 695 Sed,
1161 654 1354 698 quaeso
1375 642 1543 687 tecum
1557 676 1569 697 ‚
1608 643 1779 686 tamen
1809 639 1887 685 ‹li-

284 709 522 768 grediar-e
551 707 818 766 paulisper
843 720 873 753 e
905 705 1180 753 curriculis
1208 707 1324 753 istis
1358 706 1762 766 disputationum
1798 720 1887 751 ve-

285 780 505 821 strarum
526 772 864 835 Academicis,
885 773 1181 832 omissoque
1202 774 1393 830 studio,
1413 774 1660 833 quidquid
1680 772 1885 819 libitum

285 847 392 900 est,
431 840 682 901 arguendi
715 840 1016 898 tuendique,
1058 840 1356 887 consideres
1384 840 1623 900 gravius,
1662 839 1881 887 cuimodi

284 908 392 955 sint
425 922 511 967 ea,
555 920 685 965 quae
713 906 1109 966 reprehendisti.
1182 910 1263 954 22.
1300 909 1408 954 Nec
1436 906 1557 953 ideo
1585 910 1883 954 contemnas

281 976 452 1035 legum
471 975 686 1022 istarum
705 974 1060 1033 antiquitates,
1082 974 1215 1032 qnod
1237 973 1498 1033 plerisque
1521 974 1649 1033 ipsis
1668 974 1769 1019 iam
1790 987 1883 1031 po-

282 1042 438 1100 pulus
458 1044 716 1089 Romanus
733 1041 812 1087 uti
833 1040 1100 1087 desiverit.
1170 1042 1288 1088 Non
1310 1042 1446 1087 enim
1476 1043 1711 1099 profecto
1732 1040 1883 1099 igno-

283 1110 570 1169 ras,legum
590 1109 1002 1167 opportunitates
1023 1112 1076 1154 et
1093 1106 1337 1162 medelas,
1350 1122 1443 1167 pro
1466 1111 1748 1166 temporum
1770 1120 1884 1153 mo-

281 1176 426 1223 ribus
446 1179 496 1222 et
516 1190 610 1235 pro
632 1188 801 1221 rerum
822 1175 1140 1235 publicarum
1162 1175 1451 1233 generibus,
1485 1188 1547 1221 ac
1567 1188 1658 1233 pro
1678 1175 1883 1222 utilita-

282 1247 387 1289 tum
421 1242 768 1301 praesentium
803 1242 1122 1297 rationibus,
1164 1255 1358 1299 proque
1398 1241 1658 1303 vitiorum,
1696 1242 1881 1299 quibus
1924 1283 1929 1287 ,

284 1310 584 1356 medendum
618 1312 725 1367 est,
767 1309 1056 1355 fervoribus
1093 1309 1280 1355 mutari
1312 1311 1465 1366 atque
1494 1307 1663 1355 necti:
1718 1321 1882 1365 neque

281 1391 387 1424 uno
409 1379 545 1423 statu
566 1375 881 1432 consistere,
911 1376 1056 1434 quin,
1098 1378 1155 1422 ut
1176 1375 1337 1423 facies
1358 1375 1495 1421 coeli
1514 1378 1565 1422 et
1584 1376 1741 1423 maris
1755 1408 1770 1433 ‚
1808 1375 1884 1421 ita

282 1456 452 1490 rerum
472 1446 626 1502 atque
650 1444 890 1489 fortunae
911 1442 1295 1500 tempestatibus
1316 1442 1598 1489 varientur.
1635 1444 1716 1489 23.
1743 1442 1885 1495 Quid

283 1510 542 1558 salubrius
569 1509 736 1557 visum
767 1512 846 1556 est
874 1509 1149 1569 rogatione
1179 1508 1275 1556 illa
1296 1509 1533 1556 Stolonis
1563 1509 1797 1570 iugerum
1820 1509 1883 1556 de

285 1591 502 1624 numero
529 1575 834 1635 praefinito!
888 1576 1012 1633 quid
1039 1576 1221 1622 utilius
1250 1575 1526 1635 plebiscito
1546 1577 1781 1624 Voconio
1820 1578 1884 1622 de

283 1643 587 1690 coercendis
614 1641 888 1689 mulierum
916 1643 1321 1690 hereditatibus?
1376 1644 1495 1700 quid
1522 1647 1624 1690 tam
1642 1655 1885 1690 necessa-

280 1710 416 1759 rium
456 1709 805 1756 existimatum
856 1714 935 1756 est
972 1709 1356 1768 propulsandae
1394 1709 1580 1776 civium
1620 1711 1885 1765 luxuriae,

280 1791 430 1836 quam
458 1777 549 1825 lex
577 1776 809 1832 Licinia,
855 1780 907 1824 et
925 1777 1141 1832 Fannia,
1180 1776 1419 1835 aliaeque
1440 1777 1563 1823 item
1582 1778 1726 1836 leges
1746 1791 1887 1824 sum-

283 1843 524 1892 tuariacss
593 1843 780 1891 Omnia
806 1847 977 1890 tamen
1003 1843 1129 1891 baec
1158 1843 1438 1890 obliterata
1466 1847 1518 1891 et
1546 1847 1727 1903 operta
1764 1847 1887 1891 sunt

283 1911 514 1960 civitatis
543 1911 840 1972 opulentia,
879 1911 1024 1968 quasi
1052 1911 1353 1969 quibusdam
1384 1906 1618 1959 fluctibus
1639 1917 1888 1958 exaestu-

282 1979 436 2026 antis.
476 1982 555 2025 24.
575 1979 679 2026 Sed
701 1991 792 2024 cur
813 1978 909 2026 tibi
929 1992 1043 2026 esse
1062 1978 1176 2024 visa
1195 1981 1276 2024 est
1294 1977 1570 2024 inhumana
1586 1979 1697 2038 lex,
1718 1978 1887 2025 omni-

282 2059 366 2091 um
387 2057 499 2092 mea
517 2046 720 2104 quidem
741 2045 1002 2092 sententia
1019 2045 1413 2104 humanissima,
1454 2059 1583 2104 quae
1604 2045 1887 2092 iumentum

282 2112 393 2158 dari
415 2111 556 2160 iubet
575 2122 732 2171 aegro
754 2115 844 2159 aut
861 2113 974 2159 seni
995 2112 1049 2158 in
1072 2112 1152 2158 ius
1173 2112 1387 2158 vocato!
1457 2115 1539 2158 25.
1575 2113 1745 2160 Verba
1764 2116 1891 2158 sunt

280 2178 409 2225 haec
437 2180 500 2226 de
527 2179 669 2238 lege:
726 2180 794 2226 Sl
833 2181 914 2227 IN
949 2179 1074 2225 ms
1110 2180 1402 2226 vocA‘rz
1450 2179 1528 2225 SI
1562 2179 1887 2226 MORBUS

279 2245 634 2292 AEVlTAS
676 2246 775 2290 VE
819 2247 1113 2292 vlTltJM
1156 2246 1409 2306 Escl‘r,
1466 2246 1601 2300 am
1637 2247 1717 2292 ΙΝ
1755 2247 1887 2292 lUS

279 2313 383 2357 VO
401 2313 659 2373 CABlT,
713 2311 1145 2358 IUMENTUM
1188 2312 1423 2373 DAT03
1480 2313 1551 2359 Sl
1595 2310 1889 2369 NoLET,

278 2377 662 2426 ARcERAM
714 2377 817 2426 NE
872 2377 1300 2428 STERNITO.
1400 2381 1482 2426 26.
1531 2380 1613 2425 An
1649 2383 1706 2426 tu
1744 2379 1887 2426 forte

277 2446 510 2492 morbum
541 2445 794 2505 appellari
823 2445 911 2493 hic
937 2448 1087 2504 putas
1108 2445 1521 2504 aegrotationem
1541 2459 1750 2504 gravem
1771 2459 1891 2494 cum

281 2511 415 2558 febri
447 2512 630 2570 rapida
657 2514 710 2558 et
737 2525 1010 2570 quel-cera,
1047 2512 1432 2572 iumentumque
1470 2512 1574 2559 (lici
1601 2525 1756 2571 pecus
1786 2512 1892 2558 ali·

278 2577 416 2632 quoa
445 2578 652 2625 unicum
677 2579 825 2637 tergo
853 2579 1081 2626 vehens?
1149 2593 1209 2626 ac
1232 2583 1505 2640 propterea
1529 2579 1700 2626 minus
1722 2579 1889 2627 fuisse

275 2641 550 2690 humanum
571 2643 859 2702 existimas,
880 2647 1167 2707 aegrotum,
1190 2646 1329 2693 (lomi
1351 2660 1476 2694 suae
1494 2647 1781 2703 cubantem,
1799 2646 1889 2693 lu-

281 2710 457 2755 mento
491 2708 788 2769 impositum
815 2711 874 2759 in
901 2712 985 2760 ius
1011 2711 1163 2772 rapi?
1228 2714 1315 2763 2⁴¹.
1350 2713 1483 2780 Hoc,
1518 2713 1592 2761 mi
1614 2711 1887 2762 Favorine
