2134 3091
723 163 965 246 12121.
1039 199 1312 246 osne.
1758 199 1818 242 ιε

235 329 326 364 nee
348 313 570 376 iacenti:
593 314 747 362 sicuti
770 317 850 361 est
868 315 1063 373 hercle,
1075 315 1209 373 quod
1228 316 1512 374 explfeom‘t
1525 314 1698 363 dicere
1715 331 1825 364 ma-

229 383 345 444 luit,
377 395 528 441 quam
548 385 828 442 explicuit,
866 381 1002 441 quod
1030 394 1147 429 esse
1167 381 1268 428 iam
1299 381 1541 428 usitatius
1565 389 1820 441 coeperat.

232 451 391 497 Verba
411 453 531 496 sunt
548 450 677 496 haee
701 449 866 508 ipsius
886 463 950 495 ex
968 448 1390 507 oratione‚quam
1409 448 1468 494 de
1490 449 1706 507 imperio
1732 453 1824 496 Cn.

230 517 460 575 Pompeii
490 516 692 563 habuit:
730 518 899 564 Testis
928 523 1007 563 ese
1045 516 1250 576 siavia,
1281 529 1436 575 quum
1467 518 1643 563 multis
1675 521 1822 563 undi-

230 599 321 644 que
342 587 564 630 cinctam
589 585 843 642 periculis
864 599 963 630 non
988 589 1196 628 terrore
1220 583 1368 638 belli,
1402 585 1494 629 sed
1511 585 1719 629 consilii
1739 599 1822 630 ee-

230 653 439 697 leritate
464 652 769 710 explicavit.
808 652 875 697 At
905 649 951 695 si
978 651 1237 708 explicuit
1261 647 1484 709 diceret,
1518 649 1822 709 imperfecto

232 721 281 764 et
301 717 461 766 debili
480 731 697 764 numero
719 719 991 765 verborum
1011 729 1172 762 sonus
1193 716 1473 762 clauderet.

708 847 1081 900 CAPUT
1154 847 1330 900 v111.

282 928 494 973 Hirtam
529 929 581 972 in
619 928 748 974 libris
776 927 983 974 Sotionis
1013 930 1289 986 philosophi
1311 937 1496 986 reperta
1521 944 1652 987 snper
1679 931 1824 974 Laide

336 985 569 1030 meretrice
586 993 634 1030 et
652 986 952 1030 Demosthene
968 987 1164 1030 rhetore.

296 1081 343 1124 1.
364 1079 551 1126 Sotion
572 1092 639 1126 ex
656 1079 1003 1138 Peripatetiea
1023 1079 1299 1138 disciplina
1316 1079 1451 1124 haud
1472 1092 1594 1125 sane
1617 1079 1824 1138 ignobi-

230 1147 295 1192 lis
308 1147 391 1192 vir
405 1146 521 1192 fuit.
544 1148 595 1191 is
616 1146 799 1193 librum
820 1147 1014 1192 multae
1030 1146 1303 1204 variaeque
1316 1146 1565 1193 historiae
1577 1147 1821 1196 refertum

229 1213 545 1272 composuit,
560 1213 1055 1271 eumqueinseripsit
1079 1207 1590 1276 ΚέραςἈμαλθείας.
1660 1216 1709 1258 2.
1746 1213 1824 1258 Ea

232 1293 333 1326 vox
365 1281 462 1327 hoe
499 1280 661 1326 ferme
690 1280 860 1339 valet,
900 1283 1142 1338 tanquam
1173 1281 1219 1326 si
1250 1279 1388 1325 dicas
1426 1281 1599 1325 Cornu
1620 1282 1822 1339 copiae.

232 1350 277 1392 3.
304 1349 357 1392 in
380 1361 443 1393 eo
466 1346 604 1392 libro
628 1360 785 1405 super
803 1346 1154 1393 Demosthene
1174 1346 1382 1392 rhetore
1404 1349 1455 1391 et
1476 1347 1637 1392 Laide
1657 1359 1823 1394 mere-

228 1413 356 1459 trice
378 1413 737 1459 historiahaee
760 1413 953 1472 scripta
972 1417 1066 1459 est.
1104 1413 1242 1472 Lais,
1265 1413 1448 1471 inquit,
1473 1413 1738 1460 Corinthia
1760 1417 1823 1459 ob

228 1481 541 1540 elegantiam
580 1483 1006 1538 venustatemque
1036 1481 1234 1526 formae
1273 1481 1518 1538 grandem
1555 1481 1824 1539 pecuniam

228 1550 539 1603 demerebat,
570 1551 961 1607 conventusque
981 1548 1047 1593 ad
1074 1562 1185 1594 eam
1206 1548 1448 1593 ditiorum
1471 1549 1733 1595 hominum
1753 1562 1822 1595 ex

228 1616 367 1662 omni
402 1614 623 1675 Graecia
652 1616 887 1662 celebres
915 1618 1089 1661 eraut:
1120 1628 1286 1671 neque
1315 1614 1700 1676 admittebatur,
1721 1614 1824 1661 nisi

227 1684 313 1741 qui
336 1684 505 1742 dabat,
530 1681 665 1739 quod
684 1686 1005 1740 poposcerat.
1037 1682 1288 1728 Poscebat
1309 1684 1475 1728 autem
1498 1683 1595 1728 illa
1614 1682 1826 1729 nimium

225 1755 486 1807 quantum.
558 1751 608 1794 4.
644 1748 778 1794 Hine
808 1748 883 1795 ait
907 1753 1085 1795 natum
1114 1760 1227 1794 esse
1257 1748 1393 1794 iilud
1423 1750 1664 1807 frequens
1693 1750 1824 1807 apud

225 1818 453 1862 Graecos
474 1814 739 1875 adagium:

401 1878 477 1929 Οὐ
494 1880 687 1934 παντὸς
707 1876 895 1945 ἀνδρὸς
915 1880 965 1935 ἔς
986 1878 1268 1945 Κόρινθον
1289 1875 1414 1931 ἴσθ’
1439 1877 1467 1927 ὁ
1488 1880 1669 1935 πλοῦς·

226 1952 364 2009 quod
386 1952 579 1997 frustra
600 1950 702 1996 iret
720 1949 1023 1997 Corinthum
1043 1952 1109 1996 ad
1139 1951 1347 1998 Laidem
1362 1982 1380 2007 ,
1409 1951 1497 2008 qui
1525 1963 1631 1995 non
1654 1950 1823 2007 quiret

228 2018 355 2064 dare
370 2054 383 2076 ‚
426 2018 562 2075 quod
597 2020 915 2075 posceretur.
990 2021 1038 2063 5.
1077 2018 1154 2063 Ad
1182 2018 1313 2063 hane
1333 2018 1428 2063 ille
1448 2015 1824 2063 Demosthenes

230 2086 522 2131 clanculum
558 2084 685 2139 adit,
716 2086 793 2143 et,
836 2086 893 2129 ut
913 2083 1011 2129 sibi
1025 2083 1108 2130 sui
1131 2084 1330 2142 copiam
1351 2086 1569 2141 faceret,
1594 2083 1751 2141 petit:
1774 2088 1824 2128 at

229 2152 353 2197 [sais
385 2153 572 2213 μυρίας
610 2143 849 2211 δραχμὰς
874 2144 907 2209 ἢ
948 2143 1202 2196 τάλαντον
1237 2148 1494 2209 poposcit.
1545 2148 1659 2194 Hoc
1702 2149 1827 2195 facit

226 2218 421 2265 nummi
452 2217 705 2264 nostratis
736 2216 1002 2262 denariam
1022 2216 1198 2263 decem
1216 2216 1400 2263 millia.
1455 2218 1505 2261 6.
1525 2214 1646 2261 ‘ran
1677 2220 1825 2273 petu-

227 2287 394 2333 lantia
421 2283 661 2331 mulieris
688 2284 841 2341 atque
878 2282 1132 2341 pecuniae
1171 2281 1527 2341 magnitudine
1565 2282 1698 2327 ictus
1728 2296 1823 2329 ex·-

224 2354 545 2411 pavidusque
566 2350 941 2399 Demosthenes
964 2344 1290 2413 avertit[ur]‚
1302 2352 1354 2396 et
1374 2349 1670 2395 discedens.
1690 2348 1823 2407 Ego,

222 2419 413 2478 inquit,
434 2419 706 2478 poenitere
734 2416 867 2462 tanti
886 2428 993 2461 non
1021 2429 1152 2462 emo.
1192 2416 1295 2463 Sed
1316 2414 1546 2463 Graeca
1530 2429 1661 2473 ipsa,
1689 2429 1819 2471 quae

217 2488 389 2534 fertur
409 2486 627 2546 dixisse,
647 2482 910 2542 lepidiora
930 2483 1076 2530 sunt·
1121 2475 1225 2529 Ome
1248 2476 1495 2545 ὠνοῦμαι,
1516 2481 1702 2542 inquit,
1719 2496 1819 2545 μυ-

217 2553 347 2617 ρίων
366 2550 613 2617 δραχμῶν
629 2547 984 2615 μεταμέλειαν.
