2134 3091
253 256 322 306 1⁰
749 259 962 307 Anm
1035 260 1349 306 GELLU

252 387 576 436 consequens
598 375 804 434 quidem
823 377 992 422 fuerat
1013 376 1090 422 sic
1110 377 1308 425 dicere:
1330 385 1383 424 et
1405 395 1491 438 qm
1510 379 1685 436 debet,
1711 381 1765 426 in
1788 392 1849 426 eo

224 460 234 472 ⁸
250 446 381 504 ipso,
394 445 530 504 quod
547 445 706 500 debet,
720 443 924 506 refert,-
946 443 1081 500 quod
1095 445 1367 491 absurdum
1388 449 1439 491 et
1450 446 1602 493 nimis
1616 449 1850 492 coactum
1890 443 1897 446 ’

260 515 418 568 foret,
447 510 493 557 si
513 511 737 558 non‘dum
765 509 1014 557 redditam
1043 510 1263 570 gratiam
1274 525 1337 557 eo
1367 511 1481 569 ipso
1503 513 1751 559 redditam
1772 512 1853 558 di·-

257 581 424 637 ceret,
467 577 586 636 quia
632 577 860 622 debetur.
946 579 996 621 8.
1043 575 1341 623 lmmutavit
1376 591 1529 639 ergo,
1570 579 1768 637 inquit,
1800 583 1852 624 et
1940 617 1943 624 .

257 644 484 691 subdidit
505 645 714 691 verbum
736 643 785 688 ei
806 643 995 698 verbo,
1017 642 1155 700 quod
1180 643 1448 704 omiserat,
1470 645 1739 692 finitimum
1754 680 1767 706 ‚
1795 652 1853 692 ut

257 712 519 758 videret-ur
542 715 596 757 et
623 722 827 756 sensum
855 708 1138 756 debitionis
1169 710 1393 756 collatae
1412 724 1522 756 non
1557 711 1851 770 reliquisse,

259 781 312 824 et
332 777 732 823 concinnitatem
757 775 1044 822 sententiae
1064 776 1363 823 retinuisse.
1393 777 1473 822 Ad
1490 774 1625 824 bunc
1650 779 1853 824 modum

257 845 490 890 lulianus
531 843 786 890 enodabat
828 840 1241 901 diiudicabatque
1278 846 1510 890 veterum
1547 845 1854 902 scriptorum

257 910 547 957 sententias
560 941 576 971 ,
596 923 720 969 quas
743 909 876 968 apud
893 923 1010 956 eum
1029 909 1389 956 adolescentes
1408 911 1733 959 lectitabant.

799 1085 1169 1138 CAPUT
1240 1086 1307 1139 V.

314 1180 446 1228 Quod
455 1179 774 1223 Demosthenes
791 1179 950 1224 rhetor
969 1180 1095 1222 cultas
1112 1179 1320 1236 corporis
1339 1185 1476 1239 atque
1492 1178 1658 1222 vestitu
1668 1179 1857 1234 probris

369 1233 852 1292 obnoxioss'nfamiqtee
861 1235 1229 1292 munditiafm‘u
1249 1239 1451 1294 quodque
1467 1235 1579 1278 icem
1588 1233 1854 1279 Hortensius

369 1299 533 1335 orator
551 1291 608 1334 ob
627 1290 848 1336 eiusmodi
860 1291 1109 1334 munditias
1126 1297 1386 1350 gestumque
1400 1293 1451 1335 ἐκ
1468 1297 1646 1347 agendo
1664 1289 1853 1333 leiserio-

369 1346 519 1390 m'cum
537 1346 786 1403 Dionysiae
804 1346 1123 1391 saltatriculae
1140 1353 1437 1402 cognomento
1460 1350 1757 1404 compellatus
1776 1353 1855 1388 est.

335 1442 374 1484 1.
413 1439 812 1488 Demosthenem
841 1441 1050 1488 tradunt
1081 1443 1133 1488 et
1158 1439 1357 1488 vestitu
1385 1440 1591 1486 sincero
1631 1441 1686 1486 et
1715 1439 1855 1483 cultu

253 1507 490 1565 corporis
529 1506 698 1555 nitido
736 1512 1054 1567 venustoque
1093 1506 1348 1565 nimisque
1388 1509 1629 1555 accurato
1671 1505 1851 1553 fuisse.

255 1574 390 1621 Hine
415 1574 571 1621 etiam
595 1569 772 1637 κομψή
799 1576 896 1623 illa
909 1573 1109 1635 χλαινὶς
1128 1573 1213 1621 καὶ
1230 1572 1458 1636 μαλακοὶ
1476 1570 1771 1632 χιτωνίσκοι
1793 1573 1855 1618 ab

254 1641 472 1688 aemulis
495 1642 906 1701 adversariisque
925 1644 1117 1701 probro
1142 1643 1277 1689 data.
1298 1642 1433 1688 Hinc
1452 1641 1607 1688 etiam
1620 1639 1853 1698 turpibus

255 1707 586 1767 indignisque
607 1708 661 1755 in
675 1723 790 1755 eum
809 1710 982 1756 verbis
1005 1723 1109 1757 non
1136 1712 1498 1769 temperatum,
1528 1708 1650 1767 quin
1678 1720 1854 1765 parum

255 1774 360 1830 vir,
403 1775 457 1821 et
487 1788 578 1822 ore
623 1789 824 1833 quoque
853 1778 1057 1835 polluto
1092 1775 1365 1823 diceretur.
1444 1778 1491 1821 2.
1528 1775 1608 1821 Ad
1636 1774 1853 1820 eundem

253 1841 459 1889 modum
495 1843 810 1889 Hortensius
849 1843 1083 1890 omnibus
1124 1844 1285 1891 ferme
1324 1842 1622 1890 oratoribus
1666 1839 1854 1885 aetatis

255 1923 408 1969 suae,
437 1908 544 1955 nisi
573 1912 644 1955 Μ.
681 1910 884 1970 Tullio,
907 1909 1130 1966 clarior,
1160 1911 1296 1968 quod
1326 1910 1487 1956 multa
1516 1908 1681 1967 [cum]
1708 1922 1855 1955 mun-

253 1975 383 2021 ditia
413 1980 467 2023 et
499 1976 868 2035 circumspecte
897 1977 1285 2035 compositeque
1313 1976 1523 2023 indutus
1550 1979 1605 2023 ct
1636 1976 1852 2023 amictus

253 2046 418 2103 esset,
465 2056 746 2101 manusque
785 2044 898 2091 eius
944 2043 1086 2089 inter
1132 2043 1383 2103 agendum
1420 2045 1596 2090 forent
1633 2046 1849 2101 argutae

254 2110 523 2156 admodum
544 2114 596 2157 et
614 2113 919 2169 gestuosae,
939 2110 1231 2157 maledictis
1262 2109 1849 2170 compellationibusque

251 2177 520 2233 probrosis
542 2177 760 2225 iactatus
779 2180 878 2237 est,
888 2178 1157 2235 multaque
1180 2178 1234 2223 in
1246 2192 1377 2236 eum,
1398 2177 1543 2236 quasi
1556 2177 1612 2223 in
1632 2177 1848 2222 histrio-

250 2257 386 2301 nem,
405 2243 459 2289 in
483 2243 612 2302 ipsis
633 2244 803 2291 causis
823 2247 976 2301 atque
999 2244 1206 2291 iudiciis
1220 2244 1355 2291 dicta
1378 2248 1513 2291 sunt.
1554 2246 1598 2289 3.
1620 2242 1721 2291 Sed
1734 2256 1848 2288 cum

249 2310 306 2354 L.
346 2310 666 2369 Torquatus,
715 2310 1003 2370 subagresti
1041 2310 1195 2359 homo
1235 2311 1448 2371 ingenio
1490 2313 1543 2357 et
1576 2308 1847 2367 infestive,

249 2374 458 2435 gravius
471 2376 804 2435 acerbiusque
818 2377 951 2437 apud
963 2378 1237 2425 consilium
1249 2376 1473 2425 iudicum
1485 2408 1501 2435 ‚
1516 2390 1627 2421 cum
1642 2376 1705 2421 de
1726 2388 1849 2421 eau-

249 2456 309 2489 sa
331 2442 512 2489 Sullae
529 2446 891 2509 quaereretur,
911 2458 1019 2492 non
1041 2444 1143 2493 iam
1162 2444 1474 2491 histrionem
1492 2456 1608 2489 eum
1626 2455 1741 2487 esse
1768 2442 1817 2486 di
1833 2470 1849 2482 .-

249 2512 390 2555 ceret
403 2542 416 2565 ‚
449 2510 540 2555 sed
571 2510 956 2569 gesticulariam
977 2512 1383 2571 Dionysiamque
1402 2524 1519 2558 eum
1538 2508 1846 2556 notissimae

252 2576 612 2623 saltatriculae
645 2578 854 2626 nomine
885 2578 1202 2638 appellaret:
1236 2582 1341 2625 tum
1370 2592 1503 2626 voce
1522 2576 1670 2623 molli
1693 2580 1843 2634 atque

249 2642 470 2689 demissa
497 2644 832 2695 Hortensius:
864 2648 1149 2709 Dionysia,
1190 2646 1383 2706 inquit,
1412 2646 1675 2705 Dionysia
1704 2644 1843 2691 malo

255 2710 484 2769 equidem
505 2724 632 2770 esse,
669 2727 822 2773 quam
841 2718 978 2775 qnod
994 2722 1052 2762 tu
1061 2745 1083 2773 ,
1128 2716 1395 2777 Torquate
1408 2747 1423 2775 ,
1447 2706 1692 2777 ἄμουσος,
1712 2704 1845 2757 ἅνα-

251 2768 510 2839 φρόδιιος,
528 2771 946 2844 ἅπροσδιόνυσος.
