2134 3091
292 234 395 284 '252
795 240 1012 285 AULI
1084 237 1399 285 GELLH

297 354 514 413 diorque
544 354 686 401 fieret
714 356 999 416 sententia3
1038 360 1093 404 et
1122 356 1379 415 acciperet
1408 354 1606 413 aliquid
1645 357 1809 405 iustae
1848 358 1903 404 in

297 422 554 468 audiendo
577 422 1017 481 exspectationis;
1057 427 1107 469 9.
1132 436 1269 469 nunc
1290 425 1459 468 autem
1489 425 1645 470 verba
1665 424 1788 473 haec
1811 440 1906 472 cu·-

292 491 410 549 pae‘dc
447 490 500 533 et
527 495 744 547 temere,
783 489 836 535 in
867 489 1051 546 quibus
1082 489 1255 535 verbis
1286 502 1435 535 omne
1477 496 1787 539 momentum
1822 492 1907 537 rei

301 558 396 616 est,
419 568 522 601 non
545 555 598 599 in
623 556 979 601 concludenda
1006 556 1265 602 sententia
1296 558 1491 601 tantum
1512 556 1773 617 dicuntur3
1814 560 1908 604 sed

298 636 456 680 supra
484 634 685 677 quoque
724 621 950 667 nondum
991 622 1288 669 desiderata
1326 625 1610 679 ponuntur:
1656 626 1733 683 et,
1771 634 1909 681 quae

297 688 444 735 nasci
475 688 704 744 oririque
736 700 802 733 ex
834 689 946 745 ipsa
971 688 1052 733 rei
1085 688 1425 746 conceptione
1460 688 1742 751 debebant,
1780 694 1911 737 ante

301 756 531 813 omnino,
553 768 700 810 quam
719 768 802 799 res
823 756 1071 813 postulat,
1094 756 1351 801 dicuntur.
1397 756 1525 801 Nam
1545 756 1633 815 qui
1654 757 1728 803 ita
1749 757 1909 805 dicit:

301 822 461 868 sileoc
477 821 706 883 feceris,
740 821 922 879 cupide
934 822 1138 883 fecisse
1166 823 1384 868 diceris.-
1421 835 1531 868 rem
1559 822 1689 868 dicit
1719 836 1909 870 sensus

301 888 521 933 alicuius
540 887 742 934 ratione
765 887 1034 933 collectam
1055 890 1111 933 et
1128 890 1435 935 confectam:
1476 890 1562 946 qui
1582 902 1708 936 vero
1728 890 1805 937 ita
1826 890 1906 936 di-

303 956 396 1001 cit:
434 957 482 1001 sn·
498 954 678 1013 cupido
691 955 923 1017 feceris,
952 955 1345 1017 cupidefect'sse
1370 956 1587 1003 diceris:
1622 969 1730 1003 non
1748 957 1909 1015 longe

301 1034 452 1067 secus
473 1022 623 1081 dicit,
665 1026 818 1077 atque
846 1022 888 1065 si
919 1021 1146 1081 diceret:
1185 1022 1229 1067 si
1261 1022 1445 1079 cupide
1467 1023 1679 1083 feceris,
1719 1023 1905 1083 cupide

301 1088 506 1133 feceris.
566 1090 642 1133 lo.
676 1090 815 1134 Haec
835 1098 950 1146 ego,
975 1088 1159 1148 inquit,
1178 1088 1439 1143 admonui,
1459 1104 1565 1135 non
1588 1092 1647 1135 ut
1667 1092 1723 1135 C.
1744 1092 1908 1137 Grac-

301 1155 394 1199 cho
417 1155 546 1201 vitio
569 1156 768 1211 darem3
793 1151 897 1217 (dii
918 1154 1054 1200 enim
1074 1158 1298 1199 mentem
1316 1155 1582 1201 meliorem
1602 1154 1747 1203 mihi!
1769 1170 1905 1217 nam,

300 1222 343 1267 si
367 1222 640 1279 quidquam
659 1221 712 1265 in
734 1222 837 1267 tam
857 1221 1008 1267 fortis
1040 1221 1312 1267 facundiae
1332 1221 1446 1268 viro
1471 1222 1586 1268 vitii
1606 1223 1691 1268 vel
1710 1224 1905 1269 erroris

301 1303 414 1335 esse
453 1288 552 1334 dici
583 1290 779 1347 potest,
819 1288 872 1333 id
909 1300 1058 1334 omne
1090 1290 1143 1333 et
1169 1287 1453 1333 auctoritas
1491 1288 1606 1335 eius
1640 1290 1905 1349 exhausit,

301 1359 354 1401 et
375 1358 600 1401 vetustas
623 1354 957 1413 consumsit3)
978 1353 1069 1401 sed
1094 1354 1169 1399 uti
1203 1355 1481 1410 caveretis,
1517 1368 1582 1401 ne
1618 1370 1709 1402 vos
1748 1354 1906 1403 facile

299 1422 702 1481 praestringeret
719 1422 1011 1469 modulatus
1032 1420 1223 1478 aliquis
1251 1422 1507 1468 currentis
1528 1422 1797 1469 facundiae
1820 1436 1907 1469 so·

300 1490 468 1548 nitus3
509 1493 658 1547 atque
679 1492 737 1535 ut
761 1490 860 1535 vim
888 1490 1050 1548 ipsam
1070 1502 1242 1534 rerum
1260 1488 1607 1548 virtutemque
1629 1494 1904 1538 verborum

299 1557 447 1616 prius
468 1557 828 1614 pensitaretis:
865 1559 932 1613 et,
969 1557 1012 1602 si
1035 1557 1242 1614 quidem
1261 1557 1435 1614 gravis
1460 1559 1609 1614 atque
1630 1557 1833 1616 integra
1854 1560 1907 1604 et

303 1623 508 1668 sincera
528 1624 782 1667 sententia
804 1623 1077 1680 diceretur,
1098 1629 1221 1682 tum,
1244 1623 1291 1669 si
1313 1623 1387 1670 ita
1407 1624 1687 1686 videretur,
1711 1624 1905 1683 gressi-

303 1691 395 1734 bus
426 1702 626 1745 quoque
656 1688 782 1747 ipsis
813 1688 1069 1734 orationis
1108 1690 1427 1748 et'gestibus
1466 1692 1814 1748 plauderetis:
1854 1692 1900 1737 si

302 1769 428 1801 vero
467 1755 643 1812 frigidi
673 1757 724 1799 et
753 1755 898 1800 leves
927 1757 978 1801 et
1005 1755 1187 1802 futiles
1210 1770 1403 1803 sensus·
1416 1757 1473 1803 in
1492 1761 1649 1805 verba
1668 1761 1785 1816 apte
1805 1771 1903 1804 nu-

298 1835 602 1879 meroseque
623 1821 796 1879 posita
813 1821 1221 1882 includerentur,
1232 1838 1338 1870 non
1358 1837 1471 1871 esse
1492 1824 1545 1870 id
1566 1837 1713 1871 secus
1726 1826 1903 1871 crede-

297 1889 451 1944 retis,
489 1902 640 1946 quam
662 1902 770 1934 cum
791 1888 1024 1934 homines
1044 1890 1240 1949 insigni
1261 1891 1587 1946 deformitate
1615 1893 1681 1941 'ad
1706 1891 1901 1939 facien-

297 1956 362 2001 da
383 1955 607 2002 ridicula
627 1955 894 2003 imitantur
914 1957 1196 2004 histriones
1216 1961 1269 2004 et
1320 1960 1527 2007 estiunt.

747 2091 1164 2183 ‚cipum
1238 2119 1405 2172 xlv.

295 2197 466 2244 Sobria
493 2205 540 2242 et
550 2200 862 2255 pulcherrima
881 2203 1073 2246 Romuli
1094 2204 1217 2258 regis
1246 2203 1477 2260 responsio
1498 2202 1623 2246 circa
1640 2200 1742 2245 vini
1755 2215 1898 2246 usum.

363 2297 409 2340 l.
449 2293 841 2354 Simplicissima
869 2297 1126 2344 suavitate
1154 2299 1206 2344 et
1235 2298 1313 2344 rei
1342 2299 1395 2344 et
1415 2296 1669 2344 orationis
1691 2295 1749 2340 L.
1774 2294 1897 2340 Piso

294 2360 455 2420 Frugi
479 2374 602 2408 usus
625 2365 706 2408 est
723 2361 773 2407 in
797 2363 960 2420 primo
981 2364 1193 2420 Annali,
1214 2379 1323 2411 cum
1346 2365 1409 2412 de
1428 2363 1633 2410 Romuli
1656 2364 1796 2420 regis
1818 2361 1898 2408 vi-

292 2432 347 2474 ta
367 2433 520 2487 atque
540 2430 683 2476 victu
703 2429 968 2486 scriberet.
1038 2431 1118 2478 Ea
1137 2435 1318 2489 verba,
1350 2443 1479 2488 quae
1500 2430 1737 2487 scripsit,
1768 2429 1896 2474 haec

293 2497 437 2542 aunt:
494 2497 541 2540 2.
567 2495 789 2544 Eundem
814 2499 1080 2544 Romulum
1102 2497 1286 2556 dicunt,
1318 2500 1390 2544 ad
1406 2511 1615 2545 coenam
1636 2503 1898 2549 voc-alum,

293 2562 368 2606 t'Cn‘
383 2575 482 2608 nem
505 2565 712 2612 multam
733 2567 933 2624 bibisse,
965 2567 1093 2625 qm'a
1106 2565 1357 2624 postridie
1378 2567 1637 2626 negotium
1659 2563 1897 2610 haberet.

296 2627 371 2672 Ει·
386 2628 583 2676 dicunt:
624 2633 836 2678 Romule
851 2666 863 2688 ,
885 2635 934 2677 ιι·
949 2633 1093 2678 istud
1111 2645 1279 2678 omnes
1298 2633 1523 2678 homines
1532 2631 1757 2692 faciant
1767 2661 1786 2685 ,
1816 2629 1899 2674 vt·-

297 2707 412 2740 num
433 2699 585 2744 vilius
604 2702 689 2745 cit.
736 2697 788 2744 Is
810 2699 1105 2756 respondit.-
1132 2699 1282 2744 immo
1302 2713 1423 2746 vero
1446 2711 1643 2756 carum,
1666 2699 1715 2743 si
1730 2710 1898 2756 quan-

300 2767 402 2808 tum
421 2766 630 2827 quisque
649 2765 804 2820 volet,
826 2764 1001 2810 bibat:
1040 2778 1165 2809 nam
1194 2779 1284 2825 ego
1310 2767 1438 2828 bibi,
1474 2771 1721 2826 quantum
1742 2761 1897 2809 volui.
