2134 3091
662 202 823 247 mn.
878 200 993 247 κν.
1066 202 1246 247 cAP.
1285 203 1346 249 ει
1715 196 1818 249 855
1879 267 1883 271 Ι

215 318 489 367 literarum
516 315 819 375 disciplinas
848 317 1017 363 serius
1044 318 1265 371 adeunt,
1300 316 1346 361 si
1367 318 1502 363 forte
1525 317 1676 363 iidem
1699 332 1818 377 gar-
1887 306 1896 313 ⁹

215 386 323 433 ruli
344 387 529 430 natura
548 387 600 429 et
620 383 944 443 subal-gutuli
964 386 1112 440 sunt,
1151 384 1341 441 oppido
1362 397 1512 441 quam
1532 386 1657 432 fiunt
1676 385 1731 431 in
1751 387 1820 431 li·-

219 457 447 499 terarum
476 452 825 497 ostentatione
855 450 1018 509 inepti
1054 453 1107 496 et
1127 450 1323 496 frivoli.
1397 454 1445 497 2.
1485 452 1635 503 Quod
1657 466 1822 509 genus

224 520 461 580 profecto
482 517 578 563 ille
597 519 749 565 homo
772 521 869 577 et,
880 518 971 575 qui
992 518 1053 563 de
1075 518 1342 576 petorritis
1363 531 1526 576 nuper
1544 520 1824 576 argutissi-

222 599 330 631 mas
350 598 514 643 nugas
536 585 689 631 dixit.
764 588 809 631 3.
849 586 980 631 Nam
1001 599 1112 630 cum
1134 589 1487 645 quaereretur,
1519 586 1826 643 petorritum

227 651 375 710 quali
401 654 567 699 forma
592 652 917 711 vehiculum,
958 651 1246 710 cuiatisque
1273 652 1488 711 linguae
1520 653 1828 699 vocabulum

225 722 389 778 esset3
433 722 487 765 et
515 719 699 765 faciem
734 718 963 765 vehiculi
989 719 1270 764 ementitus
1301 723 1380 765 est
1408 720 1568 777 longe
1604 720 1828 765 alienam

226 786 539 847 falsamque,
577 790 629 833 et
652 786 959 834 vocabulum
980 787 1230 832 Graecum
1251 799 1367 833 esse
1389 787 1527 833 dixit
1542 818 1557 846 ,
1597 791 1749 843 atque
1772 787 1828 832 id

226 853 513 912 significare
546 854 788 900 volucres
814 855 963 899 'rotas
991 852 1363 911 interpretatus
1395 856 1506 900 est:
1546 850 1827 900 commuta·

225 925 379 979 taque
403 934 506 967 una
535 920 691 967 litera
715 925 1027 980 petorritum
1055 933 1169 965 esse
1190 920 1380 966 dictum
1401 921 1638 982 volebat,
1677 920 1827 979 quasi

221 994 563 1047 petorrotum.
618 992 667 1033 4.
704 988 964 1045 Scriptum
983 987 1142 1032 etiam
1159 987 1258 1032 hoc
1278 1000 1393 1033 esse
1415 1000 1445 1032 a
1467 988 1678 1033 Valerio
1697 988 1828 1033 Pro-·

223 1055 287 1099 bo
312 1055 595 1100 contendit.
654 1058 698 1099 5.
726 1055 839 1111 Ego
862 1068 975 1099 cum
994 1052 1149 1100 Probi
1167 1054 1361 1099 multos
1383 1054 1656 1099 admodum
1676 1055 1825 1099 Com-

222 1121 595 1169 mentationum
624 1120 787 1166 libros
818 1120 1167 1179 inquisierim‚
1207 1134 1374 1178 neque
1405 1120 1651 1177 scriptum
1671 1120 1724 1165 in
1746 1120 1827 1165 his

226 1188 430 1249 inveni,
471 1202 565 1233 nec
603 1201 819 1244 usquam
856 1187 1055 1244 alioqui
1085 1188 1308 1234 Probum
1341 1187 1611 1245 scripuise
1651 1188 1827 1233 credo.

224 1256 271 1301 6.
310 1252 627 1301 petor-retum
648 1254 783 1299 enim
804 1257 883 1299 est
904 1268 1009 1300 non
1028 1266 1098 1300 ex
1119 1254 1337 1299 Graecia
1356 1253 1677 1299 dimidiatum
1691 1287 1704 1312 ,
1735 1255 1828 1299 sed

223 1324 387 1368 totum
406 1314 755 1379 transalpibus
780 1316 1043 1384 [factum]:
1085 1334 1202 1366 nam
1222 1323 1300 1366 est
1319 1334 1427 1368 vox
1450 1321 1668 1367 Gallica.
1706 1322 1754 1367 7.
1771 1321 1828 1365 Id

226 1388 475 1447 scriptum
498 1392 578 1435 est
609 1389 664 1434 in
684 1388 819 1435 libro
840 1390 913 1434 M.
934 1388 1186 1434 Varronis
1209 1390 1388 1443 quarto
1411 1388 1608 1434 decimo
1633 1390 1827 1435 Rerum

223 1456 554 1515 Divinarum3
595 1470 697 1514 quo
727 1456 782 1502 in
803 1456 921 1502 loco
942 1458 1134 1511 Varro,
1168 1468 1281 1501 cum
1302 1456 1365 1501 de
1386 1456 1639 1515 petorrito
1659 1455 1824 1501 dixis-

225 1526 318 1580 set,
341 1536 454 1570 esse
476 1524 528 1570 id
551 1525 757 1570 verbum
778 1523 1054 1580 Gallicum,
1078 1524 1316 1573 lanceam
1335 1536 1536 1583 quoque
1558 1523 1711 1585 dixit,
1722 1536 1826 1569 non

223 1591 477 1647 Latinum,
500 1592 589 1638 sed
612 1591 949 1650 Hispanicum
967 1593 1178 1638 verbum
1199 1604 1334 1638 esse.

681 1722 1051 1774 CAPUT
1123 1722 1356 1774 XXXI.

282 1789 401 1838 Quae
419 1791 559 1833 verba
581 1791 838 1844 legaverint
856 1790 1033 1834 Rhodia·
1057 1793 1124 1834 ad
1139 1791 1334 1834 hostium
1356 1794 1510 1834 ducem
1529 1791 1826 1842 Dememnm,

337 1859 437 1887 cum
458 1847 515 1886 ab
536 1859 585 1887 eo
608 1846 929 1896 obsiderentur,
951 1859 1084 1901 super
1103 1845 1188 1889 illa
1209 1846 1388 1902 inclyta
1405 1847 1554 1903 Ialysi
1571 1847 1790 1902 imagine.

296 1921 339 1964 l.
375 1921 606 1966 Rhodum
636 1921 860 1966 insulam
882 1921 1199 1967 celebritatis
1220 1923 1636 1980 antiquissimae,
1677 1923 1828 1980 oppi-

226 1985 441 2041 dumque
469 1986 523 2030 in
556 2001 617 2032 ea
646 1987 1048 2044 pulcherrimum
1067 1987 1578 2048 ornatissimumque,
1619 1989 1827 2036 obside·-

220 2054 310 2098 bat
331 2055 755 2110 oppugnabatque
767 2053 1076 2111 Demetrius,
1093 2053 1197 2098 dux
1221 2055 1408 2100 aetatis
1430 2069 1556 2102 suae
1577 2056 1826 2115 inclytus,

222 2118 309 2166 cui
329 2131 360 2163 a
378 2119 569 2176 peritia
591 2119 965 2176 disciplinaque
987 2120 1214 2166 faciendi
1235 2121 1442 2180 obsidii,
1455 2123 1828 2169 machinarum-

154 2235 163 2242 ,
222 2199 321 2243 que
352 2185 619 2242 sollertia,
660 2187 721 2232 ad
756 2186 1003 2243 capienda
1032 2186 1222 2244 oppida
1251 2190 1592 2246 repertarum,
1634 2204 1830 2248 cogno·-

221 2253 450 2299 mentum
480 2245 843 2315 Πολιορκητής
873 2254 989 2300 fuit.
1058 2255 1110 2298 2.
1149 2255 1278 2300 Tum
1299 2254 1368 2300 ibi
1391 2256 1444 2301 in
1466 2256 1736 2304 obsidione
1758 2259 1826 2304 il-

226 2321 280 2366 la
304 2318 453 2365 aedes
474 2321 714 2378 quasdam
736 2321 939 2377 publice
962 2323 1146 2375 factas,
1165 2335 1294 2378 quae
1315 2325 1470 2370 extra
1486 2323 1825 2372 urbismuros

226 2401 340 2432 cum
360 2399 523 2444 parvo
546 2387 805 2446 praesidio
830 2390 991 2446 erant,
1028 2391 1239 2448 aggredi
1261 2393 1312 2435 et
1333 2393 1537 2438 vastare
1557 2394 1712 2448 atque
1736 2395 1826 2438 ab·

224 2467 423 2500 sumere
443 2455 551 2513 igni
573 2457 802 2513 parabat.
868 2457 913 2502 3.
952 2459 1010 2500 ln
1034 2457 1116 2502 his
1137 2457 1346 2504 aedibus
1369 2462 1482 2503 erat
1498 2461 1824 2505 memoratis-

224 2520 353 2566 sima
372 2521 469 2568 illa
490 2523 657 2580 imago
680 2521 867 2582 Ialysi,
896 2523 1210 2582 Protogenis
1228 2538 1382 2570 manu
1404 2527 1564 2584 facta,
1596 2527 1823 2572 illustris

223 2587 467 2647 pictoris3
506 2589 651 2636 cuius
682 2590 856 2648 operis
885 2591 1320 2648 pulchritudinem
1357 2593 1823 2650 praestantiamque

222 2655 305 2701 ira
324 2657 549 2714 percitus
570 2656 782 2703 Rhodiis
803 2657 1080 2706 invidebat.
1149 2662 1196 2704 4.
1236 2659 1452 2706 Mittunt
1471 2661 1823 2720 Rhodii-lega-

224 2727 306 2770 tos
328 2723 393 2770 ad
414 2724 730 2772 Demetrium
753 2725 965 2773 cumbis
989 2727 1182 2792 verbis:
1225 2729 1383 2784 Quae,
1414 2730 1622 2788 malum,
1651 2729 1822 2789 inqui-

2093 622 2098 641 .-
2083 522 2098 615 Ᾰ-Ἃῲ.
2095 504 2097 515 ᾼ
2093 378 2098 497 ..Δ-Λ.-
