2134 3091
274 187 344 238 4⁰
778 193 990 240 AULI
1062 193 1377 240 GELLH

277 309 450 354 locum
477 306 690 355 directis
718 309 1115 368 cogitabundus,
1155 313 1392 367 tanquam
1422 310 1640 367 quodam
1668 322 1869 357 secessu

277 379 462 422 mentis
489 381 640 434 atque
668 376 825 422 animi
849 379 984 423 facto
1007 391 1038 422 a
1056 390 1291 435 corpore.
1362 379 1409 422 3.
1450 380 1613 431 Quam
1633 391 1739 424 rem
1760 392 1869 424 cum

275 440 591 500 Favorinus,
633 444 694 489 de
723 443 1027 490 fortitudine
1057 446 1169 490 eius
1203 443 1305 490 viri
1338 446 1394 489 ut
1428 443 1675 504 pleraque
1709 445 1873 492 disse-

276 523 422 569 rens,
462 510 745 569 attigisset:
784 506 1075 566 Πολλάκις,
1130 510 1324 569 inquit,
1366 509 1416 562 ἐξ
1450 504 1598 569 ἡλίου
1628 510 1699 564 εἰς
1729 510 1876 572 ἥλιον

275 571 474 636 ἑστήκει
513 571 922 640 ἅστραβέστορος
959 577 1060 622 τῶν
1100 577 1349 639 πρέμνων.
1426 579 1475 622 4.
1514 578 1875 637 Temperantia

275 657 474 700 quoque
495 659 610 690 eum
634 645 794 690 fuisse
821 648 964 691 tanta
991 644 1237 692 traditum
1256 646 1357 701 est,
1396 646 1453 690 ut
1472 643 1645 692 omnia
1664 648 1773 693 fere
1796 646 1866 692 vi-

274 714 358 756 tae
379 724 502 757 suae
522 715 754 770 tempora
773 712 1073 759 valetudine
1096 713 1350 759 inoffensa
1372 710 1584 758 vixerit.
1658 717 1705 758 5.
1726 716 1785 759 111
1806 714 1871 758 il-

274 778 380 823 iius
401 778 556 824 etiam
578 779 909 836 pestilentiae
933 779 1199 834 vastitate,
1228 793 1356 836 quae
1380 778 1432 824 in
1453 779 1595 824 bello
1614 779 1875 838 Pelopon·

275 845 483 892 nesiaeo
517 845 571 892 in
606 846 784 904 primis
813 846 972 905 ipsam
1002 845 1395 893 Atheniensium
1424 844 1685 892 civitatem
1712 846 1872 894 inter·

275 912 460 959 necino
490 927 678 971 genere
703 915 871 961 morbi
899 914 1212 972 depopulata
1232 916 1333 971 est,
1364 913 1410 957 is
1435 913 1679 970 parcendi
1698 913 1872 960 mode-

273 979 519 1038 randique
540 981 828 1027 rationibus
849 981 1038 1028 dicitur
1058 984 1109 1026 et
1129 995 1159 1026 a
1180 980 1502 1039 voluptatum
1522 979 1639 1026 labe
1656 981 1872 1037 cavisse,

271 1050 325 1092 et
347 1048 677 1094 salubritates
699 1049 930 1107 eorporis
952 1049 1255 1110 retinuisse,
1294 1051 1351 1094 ut
1368 1060 1687 1106 nequaquam
1716 1049 1875 1096 fuerit

273 1115 524 1161 communi
549 1115 773 1162 omnium
795 1117 930 1163 cladi
949 1117 1225 1164 obnoxius.

809 1215 1183 1267 CAPUT
1258 1215 1330 1265 11.

327 1291 449 1338 Quae
466 1289 592 1334 ratio
623 1291 968 1348 observatioque
990 1289 1242 1346 officiorum
1268 1307 1359 1335 esse
1388 1293 1550 1337 debeat
1575 1293 1694 1336 inter
1711 1297 1873 1349 patres

369 1345 586 1402 filiosque
613 1345 662 1388 in
681 1347 990 1388 discumbendo
1019 1350 1315 1402 sedendoque,
1356 1355 1491 1405 utque
1512 1349 1629 1392 inid
1643 1362 1780 1404 genus
1802 1361 1871 1389 re-

379 1403 456 1445 bus
487 1401 612 1446 domi
624 1401 870 1460 forisque,
910 1401 954 1444 si
967 1400 1071 1456 filii
1095 1403 1395 1457 magistrat-us
1414 1413 1519 1448 sunt
1535 1411 1580 1448 et
1593 1411 1753 1460 patres
1766 1403 1871 1458 pri-

378 1457 503 1500 vaei=
541 1471 676 1514 snper
708 1473 764 1501 ue
792 1473 848 1500 ea
877 1472 924 1500 re
959 1458 1107 1499 Tam-2·
1120 1459 1396 1514 philosophi
1416 1458 1692 1510 dissertatio,
1726 1466 1772 1503 et
1790 1474 1868 1502 ezr-

380 1517 580 1572 emplum
597 1529 656 1557 ea·
706 1514 872 1559 istoria
892 1514 1109 1557 Romana
1125 1515 1337 1573 petitum.

342 1594 386 1637 l.
423 1591 500 1637 Ad
528 1592 886 1651 philosophum
917 1594 1142 1638 Taurum
1172 1594 1423 1651 Athenas,
1457 1594 1659 1640 visendi
1678 1607 1873 1652 cogno-

270 1658 544 1715 scendique
566 1660 679 1706 eius
703 1660 885 1719 gratia,
909 1664 1122 1705 venerat
1140 1662 1199 1704 V.
1226 1661 1302 1705 Cl.
1324 1674 1531 1718 praeses
1548 1663 1727 1707 Cretae
1752 1675 1870 1719 pro—

269 1726 494 1773 vinciae:
519 1732 572 1773 et
593 1742 703 1773 cum
725 1741 786 1773 eo
808 1728 961 1772 simul
983 1726 1208 1773 eiusdem
1221 1728 1470 1785 praeidis
1482 1732 1642 1787 pater.
1680 1730 1871 1773 2.Tau-

272 1807 376 1849 rus,
407 1795 745 1841 sectatoribus
768 1794 1085 1840 commodum
1106 1794 1352 1848 dimissis,
1385 1797 1595 1841 sedebat
1613 1809 1705 1853 pro
1728 1797 1869 1841 cubi·

271 1860 374 1907 culi
395 1860 476 1906 sui
499 1862 714 1918 foribus,
739 1864 790 1907 et
811 1877 922 1908 eum
945 1861 1302 1907 assistentibus
1324 1863 1471 1907 nobis
1494 1862 1869 1908 sermocinaba-

270 1932 370 1974 tur.
446 1930 492 1973 3.
531 1929 775 1975 Introivit
801 1928 1100 1987 provincIae
1130 1941 1358 1985 praeses,
1394 1933 1446 1975 et
1474 1944 1585 1976 cum
1614 1944 1675 1976 eo
1706 1934 1867 1987 pater.

269 1998 318 2040 4.
357 1997 662 2043 Assurrexit
691 1996 894 2055 placide
925 1997 1153 2041 Taurus:
1192 2000 1243 2041 et
1273 2001 1390 2053 post
1420 2002 1645 2045 mutuam
1672 1997 1868 2043 saluta-

269 2063 464 2109 tionem
489 2065 701 2111 resedit.
773 2068 820 2109 5.
857 2063 1030 2109 Allata
1058 2076 1175 2108 mox
1218 2077 1319 2109 una
1347 2065 1479 2111 sella
1506 2069 1615 2125 est,
1658 2078 1785 2121 quae
1813 2065 1867 2109 in

270 2135 472 2190 promtu
503 2135 635 2186 erat,
675 2132 852 2188 atque,
892 2131 1006 2175 dum
1039 2130 1175 2175 aliae
1208 2134 1591 2189 promebantur,
1629 2131 1871 2191 apposita

270 2204 364 2244 est.
403 2200 868 2246 InvitavitTanrus
888 2199 1080 2255 patrem
1103 2198 1437 2256 p1·aesidis,ut
1457 2200 1675 2246 sederet.
1714 2201 1867 2245 6.At-

271 2280 367 2323 que
401 2266 494 2313 ille
523 2267 622 2313 ait:
663 2266 858 2311 sedeat
875 2266 956 2309 laic
969 2269 1174 2323 potius,
1212 2268 1304 2325 qui
1316 2268 1503 2327 populi
1524 2268 1744 2313 Romam·
1762 2282 1869 2312 ma-

265 2337 522 2393 gistratus
545 2340 636 2379 est.
707 2334 755 2378 7.
792 2332 990 2391 Absque
1001 2334 1351 2392 praeiudicio,
1384 2333 1551 2391 inquit
1572 2334 1791 2389 Taurus,
1814 2341 1871 2377 tu

269 2404 472 2445 interea
491 2402 608 2447 sede
618 2432 637 2456 ,
669 2402 782 2445 dnm
806 2402 1097 2457 inspicimus
1118 2403 1525 2461 quaerimusque,
1554 2408 1728 2447 uerum
1750 2414 1871 2446 con-

269 2470 462 2526 veniat,
503 2474 616 2513 tens
629 2470 807 2525 potins
828 2469 1018 2521 sedere,
1059 2470 1326 2527 qm‘pater
1346 2482 1425 2522 es,
1463 2463 1740 2524 anfilz’um,
1782 2470 1873 2527 qm·

271 2536 612 2595 magistratus
631 2543 724 2581 est.
795 2540 842 2581 8.
881 2534 966 2589 Et,
1009 2548 1122 2580 cum
1152 2537 1299 2593 pater
1328 2534 1622 2591 assedisset,
1662 2534 1867 2593 apposi-

270 2604 476 2658 tumque
497 2605 633 2649 esset
653 2603 794 2650 aliud
813 2602 920 2648 filio
944 2614 1143 2660 quoque
1176 2602 1288 2647 eius
1308 2602 1496 2658 sedile,
1534 2603 1688 2647 verba
1714 2606 1871 2660 super

271 2682 332 2713 ea
353 2682 409 2714 re
431 2670 631 2716 Taurus
659 2670 783 2717 facit
803 2684 914 2715 cum
933 2683 1145 2728 summa,
1168 2668 1223 2713 di
1242 2668 1394 2716 boni!
1438 2668 1690 2715 honorum
1718 2673 1869 2726 atque

271 2737 548 2782 officiorum
573 2737 979 2797 perpensatione.
1055 2740 1105 2781 9.
1144 2736 1337 2783 Eorum
1368 2738 1640 2784 verborum
1659 2742 1869 2783 senten-
