<?xml version="1.0" encoding="UTF-8"?>
<!DOCTYPE html PUBLIC "-//W3C//DTD XHTML 1.0 Transitional//EN"
    "http://www.w3.org/TR/xhtml1/DTD/xhtml1-transitional.dtd">
<html xmlns="http://www.w3.org/1999/xhtml" xml:lang="en" lang="en">
 <head>
  <title>
</title>
<meta http-equiv="Content-Type" content="text/html;charset=utf-8" />
  <meta name='ocr-system' content='tesseract 3.04.00' />
  <meta name='ocr-capabilities' content='ocr_page ocr_carea ocr_par ocr_line ocrx_word'/>
</head>
<body>
  <div class='ocr_page' id='page_1' title='image "./noctesatticaecu00gellgoog_0063.png"; bbox 0 0 2134 3091; ppageno 0'>
   <div class='ocr_carea' id='block_1_1' title="bbox 343 205 1446 256">
    <p class='ocr_par' dir='ltr' id='par_1_1' title="bbox 343 205 1446 256">
     <span class='ocr_line' id='line_1_1' title="bbox 343 205 1446 256; baseline 0.002 -6"><span class='ocrx_word' id='word_1_1' title='bbox 343 205 411 256; x_wconf 77' lang='grc'><strong>56</strong></span> <span class='ocrx_word' id='word_1_2' title='bbox 845 207 1059 252; x_wconf 48' lang='lat' dir='ltr'><strong>Auri!</strong></span> <span class='ocrx_word' id='word_1_3' title='bbox 1134 205 1446 252; x_wconf 73' lang='lat' dir='ltr'><strong>GELLH</strong></span> 
     </span>
    </p>
   </div>
   <div class='ocr_carea' id='block_1_2' title="bbox 329 321 2093 2119">
    <p class='ocr_par' dir='ltr' id='par_1_2' title="bbox 329 321 2093 1853">
     <span class='ocr_line' id='line_1_2' title="bbox 342 321 1934 372; baseline 0 0"><span class='ocrx_word' id='word_1_4' title='bbox 342 327 395 372; x_wconf 86' lang='lat' dir='ltr'><strong>ni</strong></span> <span class='ocrx_word' id='word_1_5' title='bbox 424 326 575 371; x_wconf 86' lang='lat' dir='ltr'><strong>Plato</strong></span> <span class='ocrx_word' id='word_1_6' title='bbox 604 323 753 369; x_wconf 88' lang='lat' dir='ltr'><strong>illum</strong></span> <span class='ocrx_word' id='word_1_7' title='bbox 781 321 969 368; x_wconf 83' lang='lat' dir='ltr'><strong>librum</strong></span> <span class='ocrx_word' id='word_1_8' title='bbox 990 321 1222 368; x_wconf 81' lang='lat' dir='ltr'><strong>divinum</strong></span> <span class='ocrx_word' id='word_1_9' title='bbox 1244 323 1306 369; x_wconf 87' lang='lat' dir='ltr'><strong>de</strong></span> <span class='ocrx_word' id='word_1_10' title='bbox 1329 323 1717 371; x_wconf 71' lang='lat' dir='ltr'><strong>immortalitate</strong></span> <span class='ocrx_word' id='word_1_11' title='bbox 1737 323 1934 372; x_wconf 66' lang='lat' dir='ltr'><strong>animae</strong></span> 
     </span>
     <span class='ocr_line' id='line_1_3' title="bbox 342 389 1934 450; baseline 0 -12"><span class='ocrx_word' id='word_1_12' title='bbox 342 392 497 440; x_wconf 80' lang='lat' dir='ltr'><strong>dedit.</strong></span> <span class='ocrx_word' id='word_1_13' title='bbox 570 392 617 437; x_wconf 84' lang='lat'><strong>3.</strong></span> <span class='ocrx_word' id='word_1_14' title='bbox 655 393 707 436; x_wconf 79' lang='lat' dir='ltr'><strong>Is</strong></span> <span class='ocrx_word' id='word_1_15' title='bbox 734 389 981 434; x_wconf 76' lang='lat' dir='ltr'><strong>Phaedon</strong></span> <span class='ocrx_word' id='word_1_16' title='bbox 1009 402 1192 436; x_wconf 79' lang='lat' dir='ltr'><strong>servus</strong></span> <span class='ocrx_word' id='word_1_17' title='bbox 1223 389 1322 436; x_wconf 79' lang='lat' dir='ltr'><strong>fuit</strong></span> <span class='ocrx_word' id='word_1_18' title='bbox 1352 391 1518 436; x_wconf 77' lang='lat' dir='ltr'><strong>forma</strong></span> <span class='ocrx_word' id='word_1_19' title='bbox 1544 395 1694 449; x_wconf 89' lang='lat' dir='ltr'><strong>atque</strong></span> <span class='ocrx_word' id='word_1_20' title='bbox 1725 391 1934 450; x_wconf 81' lang='lat' dir='ltr'><strong>ingenio</strong></span> 
     </span>
     <span class='ocr_line' id='line_1_4' title="bbox 340 455 1936 516; baseline -0.001 -12"><span class='ocrx_word' id='word_1_21' title='bbox 340 457 565 516; x_wconf 86' lang='lat' dir='ltr'><strong>liberali,</strong></span> <span class='ocrx_word' id='word_1_22' title='bbox 588 460 657 515; x_wconf 89' lang='lat' dir='ltr'><strong>et,</strong></span> <span class='ocrx_word' id='word_1_23' title='bbox 677 459 736 503; x_wconf 90' lang='lat' dir='ltr'><strong>ut</strong></span> <span class='ocrx_word' id='word_1_24' title='bbox 754 455 958 513; x_wconf 80' lang='lat' dir='ltr'><strong>quidam</strong></span> <span class='ocrx_word' id='word_1_25' title='bbox 978 455 1354 516; x_wconf 81' lang='lat' dir='ltr'><strong>seripserunt,a</strong></span> <span class='ocrx_word' id='word_1_26' title='bbox 1375 457 1563 504; x_wconf 86' lang='lat' dir='ltr'><strong>lenone</strong></span> <span class='ocrx_word' id='word_1_27' title='bbox 1582 458 1790 506; x_wconf 82' lang='lat' dir='ltr'><strong>domino</strong></span> <span class='ocrx_word' id='word_1_28' title='bbox 1812 471 1936 516; x_wconf 90' lang='lat' dir='ltr'><strong>puer</strong></span> 
     </span>
     <span class='ocr_line' id='line_1_5' title="bbox 331 523 1933 575; baseline -0.001 -3"><span class='ocrx_word' id='word_1_29' title='bbox 331 527 403 572; x_wconf 76' lang='lat' dir='ltr'><strong>ad</strong></span> <span class='ocrx_word' id='word_1_30' title='bbox 429 525 725 572; x_wconf 83' lang='lat' dir='ltr'><strong>merendum</strong></span> <span class='ocrx_word' id='word_1_31' title='bbox 752 526 1007 570; x_wconf 78' lang='lat' dir='ltr'><strong>coaetus..</strong></span> <span class='ocrx_word' id='word_1_32' title='bbox 1048 525 1098 568; x_wconf 75' lang='lat'><strong>4.</strong></span> <span class='ocrx_word' id='word_1_33' title='bbox 1142 523 1278 568; x_wconf 87' lang='lat' dir='ltr'><strong>Eum</strong></span> <span class='ocrx_word' id='word_1_34' title='bbox 1305 524 1464 570; x_wconf 84' lang='lat' dir='ltr'><strong>Cebes</strong></span> <span class='ocrx_word' id='word_1_35' title='bbox 1491 525 1784 575; x_wconf 77' lang='lat' dir='ltr'><strong>Socraticus</strong></span> <span class='ocrx_word' id='word_1_36' title='bbox 1815 525 1933 570; x_wconf 89' lang='lat' dir='ltr'><strong>hor-</strong></span> 
     </span>
     <span class='ocr_line' id='line_1_6' title="bbox 338 588 1934 650; baseline -0.001 -11"><span class='ocrx_word' id='word_1_37' title='bbox 338 596 479 639; x_wconf 83' lang='lat' dir='ltr'><strong>tante</strong></span> <span class='ocrx_word' id='word_1_38' title='bbox 510 593 724 638; x_wconf 84' lang='lat' dir='ltr'><strong>Socrate</strong></span> <span class='ocrx_word' id='word_1_39' title='bbox 764 588 951 636; x_wconf 84' lang='lat' dir='ltr'><strong>emisse</strong></span> <span class='ocrx_word' id='word_1_40' title='bbox 988 588 1205 644; x_wconf 88' lang='lat' dir='ltr'><strong>dicitur,</strong></span> <span class='ocrx_word' id='word_1_41' title='bbox 1243 589 1580 649; x_wconf 69' lang='lat' dir='ltr'>habuisseque</span> <span class='ocrx_word' id='word_1_42' title='bbox 1616 591 1674 637; x_wconf 80' lang='lat' dir='ltr'><strong>in</strong></span> <span class='ocrx_word' id='word_1_43' title='bbox 1702 590 1934 650; x_wconf 88' lang='lat' dir='ltr'><strong>philoso-</strong></span> 
     </span>
     <span class='ocr_line' id='line_1_7' title="bbox 337 656 1932 718; baseline -0.001 -12"><span class='ocrx_word' id='word_1_44' title='bbox 337 661 487 718; x_wconf 84' lang='lat' dir='ltr'><strong>phiae</strong></span> <span class='ocrx_word' id='word_1_45' title='bbox 520 656 830 716; x_wconf 84' lang='lat' dir='ltr'><strong>disciplinis.</strong></span> <span class='ocrx_word' id='word_1_46' title='bbox 902 659 949 702; x_wconf 94' lang='grc'><strong>5.</strong></span> <span class='ocrx_word' id='word_1_47' title='bbox 986 657 1154 714; x_wconf 82' lang='lat' dir='ltr'><strong>Atque</strong></span> <span class='ocrx_word' id='word_1_48' title='bbox 1178 656 1222 702; x_wconf 85' lang='lat' dir='ltr'><strong>is</strong></span> <span class='ocrx_word' id='word_1_49' title='bbox 1243 660 1423 714; x_wconf 85' lang='lat' dir='ltr'><strong>postea</strong></span> <span class='ocrx_word' id='word_1_50' title='bbox 1441 658 1782 716; x_wconf 82' lang='lat' dir='ltr'><strong>philosophus</strong></span> <span class='ocrx_word' id='word_1_51' title='bbox 1804 659 1932 704; x_wconf 83' lang='lat' dir='ltr'><strong>illu-</strong></span> 
     </span>
     <span class='ocr_line' id='line_1_8' title="bbox 336 723 1933 782; baseline -0.001 -10"><span class='ocrx_word' id='word_1_52' title='bbox 336 727 458 772; x_wconf 84' lang='lat' dir='ltr'><strong>stris</strong></span> <span class='ocrx_word' id='word_1_53' title='bbox 491 725 615 782; x_wconf 74' lang='lat' dir='ltr'><strong>fuit,</strong></span> <span class='ocrx_word' id='word_1_54' title='bbox 661 735 1025 780; x_wconf 82' lang='lat' dir='ltr'><strong>sermonesque</strong></span> <span class='ocrx_word' id='word_1_55' title='bbox 1060 723 1171 768; x_wconf 87' lang='lat' dir='ltr'><strong>eius</strong></span> <span class='ocrx_word' id='word_1_56' title='bbox 1201 723 1262 770; x_wconf 86' lang='lat' dir='ltr'><strong>de</strong></span> <span class='ocrx_word' id='word_1_57' title='bbox 1285 725 1500 771; x_wconf 82' lang='lat' dir='ltr'><strong>Socrate</strong></span> <span class='ocrx_word' id='word_1_58' title='bbox 1526 724 1798 770; x_wconf 78' lang='lat' dir='ltr'><strong>admodum</strong></span> <span class='ocrx_word' id='word_1_59' title='bbox 1825 727 1933 772; x_wconf 86' lang='lat' dir='ltr'><strong>ele·</strong></span> 
     </span>
     <span class='ocr_line' id='line_1_9' title="bbox 336 789 1930 852; baseline -0.001 -13"><span class='ocrx_word' id='word_1_60' title='bbox 336 796 516 852; x_wconf 86' lang='lat' dir='ltr'><strong>gantes</strong></span> <span class='ocrx_word' id='word_1_61' title='bbox 540 792 802 850; x_wconf 79' lang='lat' dir='ltr'><strong>leguntur.</strong></span> <span class='ocrx_word' id='word_1_62' title='bbox 872 793 921 835; x_wconf 97' lang='grc'><strong>6.</strong></span> <span class='ocrx_word' id='word_1_63' title='bbox 958 789 1065 835; x_wconf 84' lang='lat' dir='ltr'><strong>Alii</strong></span> <span class='ocrx_word' id='word_1_64' title='bbox 1093 803 1295 848; x_wconf 88' lang='lat' dir='ltr'><strong>quoque</strong></span> <span class='ocrx_word' id='word_1_65' title='bbox 1323 804 1430 837; x_wconf 84' lang='lat' dir='ltr'><strong>non</strong></span> <span class='ocrx_word' id='word_1_66' title='bbox 1459 792 1612 850; x_wconf 80' lang='lat' dir='ltr'><strong>pauci</strong></span> <span class='ocrx_word' id='word_1_67' title='bbox 1643 791 1782 838; x_wconf 82' lang='lat' dir='ltr'><strong>servi</strong></span> <span class='ocrx_word' id='word_1_68' title='bbox 1819 793 1930 838; x_wconf 82' lang='lat' dir='ltr'><strong>fue-</strong></span> 
     </span>
     <span class='ocr_line' id='line_1_10' title="bbox 334 856 1930 916; baseline -0.003 -10"><span class='ocrx_word' id='word_1_69' title='bbox 334 863 478 916; x_wconf 86' lang='lat' dir='ltr'><strong>runt,</strong></span> <span class='ocrx_word' id='word_1_70' title='bbox 517 860 601 916; x_wconf 88' lang='lat' dir='ltr'><strong>qui</strong></span> <span class='ocrx_word' id='word_1_71' title='bbox 624 859 741 916; x_wconf 87' lang='lat' dir='ltr'><strong>post</strong></span> <span class='ocrx_word' id='word_1_72' title='bbox 759 856 1056 916; x_wconf 68' lang='lat' dir='ltr'><strong>philosophi</strong></span> <span class='ocrx_word' id='word_1_73' title='bbox 1079 857 1207 904; x_wconf 68' lang='lat' dir='ltr'><strong>clani</strong></span> <span class='ocrx_word' id='word_1_74' title='bbox 1228 858 1558 904; x_wconf 79' lang='lat' dir='ltr'><strong>exstiterunt.</strong></span> <span class='ocrx_word' id='word_1_75' title='bbox 1627 861 1675 904; x_wconf 75' lang='lat'><strong>7.</strong></span> <span class='ocrx_word' id='word_1_76' title='bbox 1715 859 1796 906; x_wconf 82' lang='lat' dir='ltr'><strong>Ex</strong></span> <span class='ocrx_word' id='word_1_77' title='bbox 1819 857 1930 915; x_wconf 86' lang='lat' dir='ltr'><strong>qui-</strong></span> 
     </span>
     <span class='ocr_line' id='line_1_11' title="bbox 336 923 1929 982; baseline -0.002 -10"><span class='ocrx_word' id='word_1_78' title='bbox 336 930 428 972; x_wconf 88' lang='lat' dir='ltr'><strong>bus</strong></span> <span class='ocrx_word' id='word_1_79' title='bbox 456 926 550 972; x_wconf 91' lang='lat' dir='ltr'><strong>ille</strong></span> <span class='ocrx_word' id='word_1_80' title='bbox 570 924 844 982; x_wconf 83' lang='lat' dir='ltr'><strong>Menippus</strong></span> <span class='ocrx_word' id='word_1_81' title='bbox 875 923 998 980; x_wconf 77' lang='lat' dir='ltr'><strong>fuit,</strong></span> <span class='ocrx_word' id='word_1_82' title='bbox 1035 923 1184 970; x_wconf 85' lang='lat' dir='ltr'><strong>cuius</strong></span> <span class='ocrx_word' id='word_1_83' title='bbox 1207 923 1372 972; x_wconf 86' lang='lat' dir='ltr'><strong>libros</strong></span> <span class='ocrx_word' id='word_1_84' title='bbox 1391 926 1463 970; x_wconf 83' lang='lat' dir='ltr'><strong>M.</strong></span> <span class='ocrx_word' id='word_1_85' title='bbox 1483 925 1650 972; x_wconf 78' lang='lat' dir='ltr'><strong>Varro</strong></span> <span class='ocrx_word' id='word_1_86' title='bbox 1673 924 1929 982; x_wconf 69' lang='lat' dir='ltr'><strong>insum-is</strong></span> 
     </span>
     <span class='ocr_line' id='line_1_12' title="bbox 332 989 1928 1050; baseline -0.003 -11"><span class='ocrx_word' id='word_1_87' title='bbox 332 994 619 1040; x_wconf 72' lang='lat' dir='ltr'><strong>aemulatus</strong></span> <span class='ocrx_word' id='word_1_88' title='bbox 649 995 751 1038; x_wconf 88' lang='lat' dir='ltr'><strong>est.</strong></span> <span class='ocrx_word' id='word_1_89' title='bbox 790 1004 915 1048; x_wconf 85' lang='lat' dir='ltr'><strong>quas</strong></span> <span class='ocrx_word' id='word_1_90' title='bbox 943 989 1038 1035; x_wconf 85' lang='lat' dir='ltr'><strong>alii</strong></span> <span class='ocrx_word' id='word_1_91' title='bbox 1060 990 1308 1048; x_wconf 80' lang='lat' dir='ltr'><strong>Cynicas,</strong></span> <span class='ocrx_word' id='word_1_92' title='bbox 1342 991 1452 1049; x_wconf 89' lang='lat' dir='ltr'><strong>ipse</strong></span> <span class='ocrx_word' id='word_1_93' title='bbox 1473 992 1704 1050; x_wconf 82' lang='lat' dir='ltr'><strong>appellat</strong></span> <span class='ocrx_word' id='word_1_94' title='bbox 1727 991 1928 1050; x_wconf 85' lang='lat' dir='ltr'><strong>Menip-</strong></span> 
     </span>
     <span class='ocr_line' id='line_1_13' title="bbox 332 1056 1930 1118; baseline -0.003 -10"><span class='ocrx_word' id='word_1_95' title='bbox 332 1073 468 1118; x_wconf 76' lang='lat' dir='ltr'><strong>peas.</strong></span> <span class='ocrx_word' id='word_1_96' title='bbox 574 1063 619 1105; x_wconf 88' lang='lat'><strong>8.</strong></span> <span class='ocrx_word' id='word_1_97' title='bbox 660 1058 762 1104; x_wconf 86' lang='lat' dir='ltr'><strong>Sed</strong></span> <span class='ocrx_word' id='word_1_98' title='bbox 784 1060 835 1104; x_wconf 85' lang='lat' dir='ltr'><strong>et</strong></span> <span class='ocrx_word' id='word_1_99' title='bbox 855 1056 1201 1115; x_wconf 70' lang='lat' dir='ltr'><strong>Theophrasti</strong></span> <span class='ocrx_word' id='word_1_100' title='bbox 1220 1057 1555 1115; x_wconf 82' lang='lat' dir='ltr'><strong>Peripatetici</strong></span> <span class='ocrx_word' id='word_1_101' title='bbox 1580 1068 1760 1105; x_wconf 84' lang='lat' dir='ltr'><strong>servus</strong></span> <span class='ocrx_word' id='word_1_102' title='bbox 1781 1059 1930 1104; x_wconf 88' lang='lat' dir='ltr'><strong>Pom-</strong></span> 
     </span>
     <span class='ocr_line' id='line_1_14' title="bbox 329 1123 1932 1185; baseline -0.001 -13"><span class='ocrx_word' id='word_1_103' title='bbox 329 1129 495 1185; x_wconf 85' lang='lat' dir='ltr'><strong>pylus,</strong></span> <span class='ocrx_word' id='word_1_104' title='bbox 518 1130 572 1174; x_wconf 89' lang='lat' dir='ltr'><strong>et</strong></span> <span class='ocrx_word' id='word_1_105' title='bbox 592 1125 826 1173; x_wconf 85' lang='lat' dir='ltr'><strong>Zenonis</strong></span> <span class='ocrx_word' id='word_1_106' title='bbox 846 1123 1011 1170; x_wconf 86' lang='lat' dir='ltr'><strong>Stoici</strong></span> <span class='ocrx_word' id='word_1_107' title='bbox 1034 1136 1232 1180; x_wconf 80' lang='lat' dir='ltr'><strong>servus,</strong></span> <span class='ocrx_word' id='word_1_108' title='bbox 1255 1124 1341 1182; x_wconf 88' lang='lat' dir='ltr'><strong>qui</strong></span> <span class='ocrx_word' id='word_1_109' title='bbox 1361 1124 1579 1171; x_wconf 87' lang='lat' dir='ltr'><strong>Perseus</strong></span> <span class='ocrx_word' id='word_1_110' title='bbox 1602 1128 1817 1172; x_wconf 78' lang='lat' dir='ltr'><strong>vocatus</strong></span> <span class='ocrx_word' id='word_1_111' title='bbox 1836 1129 1932 1180; x_wconf 87' lang='lat' dir='ltr'><strong>est,</strong></span> 
     </span>
     <span class='ocr_line' id='line_1_15' title="bbox 330 1191 1931 1252; baseline -0.002 -12"><span class='ocrx_word' id='word_1_112' title='bbox 330 1197 382 1239; x_wconf 89' lang='lat' dir='ltr'><strong>et</strong></span> <span class='ocrx_word' id='word_1_113' title='bbox 401 1193 637 1252; x_wconf 79' lang='lat' dir='ltr'><strong>Epicuri,</strong></span> <span class='ocrx_word' id='word_1_114' title='bbox 678 1193 761 1238; x_wconf 85' lang='lat' dir='ltr'><strong>cui</strong></span> <span class='ocrx_word' id='word_1_115' title='bbox 782 1205 967 1238; x_wconf 82' lang='lat' dir='ltr'><strong>nomeu</strong></span> <span class='ocrx_word' id='word_1_116' title='bbox 986 1192 1103 1249; x_wconf 83' lang='lat' dir='ltr'><strong>Mys</strong></span> <span class='ocrx_word' id='word_1_117' title='bbox 1125 1191 1252 1249; x_wconf 79' lang='lat' dir='ltr'><strong>fuit,</strong></span> <span class='ocrx_word' id='word_1_118' title='bbox 1290 1191 1588 1249; x_wconf 74' lang='lat' dir='ltr'><strong>philosophi</strong></span> <span class='ocrx_word' id='word_1_119' title='bbox 1609 1205 1713 1237; x_wconf 83' lang='lat' dir='ltr'><strong>non</strong></span> <span class='ocrx_word' id='word_1_120' title='bbox 1735 1192 1931 1237; x_wconf 83' lang='lat' dir='ltr'><strong>incele-</strong></span> 
     </span>
     <span class='ocr_line' id='line_1_16' title="bbox 333 1257 1931 1316; baseline -0.002 -11"><span class='ocrx_word' id='word_1_121' title='bbox 333 1263 447 1307; x_wconf 81' lang='lat' dir='ltr'><strong>bres</strong></span> <span class='ocrx_word' id='word_1_122' title='bbox 469 1260 730 1307; x_wconf 83' lang='lat' dir='ltr'><strong>vixerunt.</strong></span> <span class='ocrx_word' id='word_1_123' title='bbox 811 1262 859 1304; x_wconf 85' lang='grc'><strong>9.</strong></span> <span class='ocrx_word' id='word_1_124' title='bbox 898 1257 1164 1316; x_wconf 77' lang='lat' dir='ltr'><strong>Diogenes</strong></span> <span class='ocrx_word' id='word_1_125' title='bbox 1193 1258 1352 1304; x_wconf 75' lang='lat' dir='ltr'><strong>etiam</strong></span> <span class='ocrx_word' id='word_1_126' title='bbox 1382 1259 1604 1316; x_wconf 79' lang='lat' dir='ltr'><strong>cynicus</strong></span> <span class='ocrx_word' id='word_1_127' title='bbox 1632 1258 1931 1304; x_wconf 80' lang='lat' dir='ltr'><strong>servitutem</strong></span> 
     </span>
     <span class='ocr_line' id='line_1_17' title="bbox 332 1323 1932 1374; baseline -0.001 -2"><span class='ocrx_word' id='word_1_128' title='bbox 332 1327 572 1374; x_wconf 79' lang='lat' dir='ltr'><strong>servivit:</strong></span> <span class='ocrx_word' id='word_1_129' title='bbox 611 1325 701 1372; x_wconf 87' lang='lat' dir='ltr'><strong>sed</strong></span> <span class='ocrx_word' id='word_1_130' title='bbox 730 1325 777 1372; x_wconf 90' lang='lat' dir='ltr'><strong>is</strong></span> <span class='ocrx_word' id='word_1_131' title='bbox 804 1338 874 1372; x_wconf 84' lang='lat' dir='ltr'><strong>ex</strong></span> <span class='ocrx_word' id='word_1_132' title='bbox 900 1323 1141 1370; x_wconf 86' lang='lat' dir='ltr'><strong>libertate</strong></span> <span class='ocrx_word' id='word_1_133' title='bbox 1170 1325 1225 1370; x_wconf 85' lang='lat' dir='ltr'><strong>in</strong></span> <span class='ocrx_word' id='word_1_134' title='bbox 1253 1324 1555 1371; x_wconf 83' lang='lat' dir='ltr'><strong>servitutem</strong></span> <span class='ocrx_word' id='word_1_135' title='bbox 1576 1338 1758 1372; x_wconf 81' lang='lat' dir='ltr'><strong>venum</strong></span> <span class='ocrx_word' id='word_1_136' title='bbox 1779 1325 1932 1371; x_wconf 86' lang='lat' dir='ltr'><strong>ierat:</strong></span> 
     </span>
     <span class='ocr_line' id='line_1_18' title="bbox 332 1389 1932 1451; baseline -0.003 -11"><span class='ocrx_word' id='word_1_137' title='bbox 332 1407 481 1451; x_wconf 87' lang='lat' dir='ltr'><strong>quem</strong></span> <span class='ocrx_word' id='word_1_138' title='bbox 510 1407 619 1440; x_wconf 82' lang='lat' dir='ltr'><strong>eum</strong></span> <span class='ocrx_word' id='word_1_139' title='bbox 648 1405 818 1438; x_wconf 88' lang='lat' dir='ltr'><strong>emere</strong></span> <span class='ocrx_word' id='word_1_140' title='bbox 844 1390 1009 1436; x_wconf 83' lang='lat' dir='ltr'><strong>vellet</strong></span> <span class='ocrx_word' id='word_1_141' title='bbox 1024 1389 1286 1438; x_wconf 77' lang='lat' dir='ltr'><strong>xeniades</strong></span> <span class='ocrx_word' id='word_1_142' title='bbox 1308 1391 1624 1450; x_wconf 80' lang='lat' dir='ltr'><strong>Corinthius,</strong></span> <span class='ocrx_word' id='word_1_143' title='bbox 1645 1397 1712 1444; x_wconf 79' lang='lat' dir='ltr'><strong>et,</strong></span> <span class='ocrx_word' id='word_1_144' title='bbox 1745 1393 1865 1450; x_wconf 86' lang='lat' dir='ltr'><strong>quid</strong></span> <span class='ocrx_word' id='word_1_145' title='bbox 1889 1391 1932 1436; x_wconf 83' lang='lat' dir='ltr'><strong>is</strong></span> 
     </span>
     <span class='ocr_line' id='line_1_19' title="bbox 335 1458 2093 1522; baseline -0.002 -16"><span class='ocrx_word' id='word_1_146' title='bbox 335 1459 541 1507; x_wconf 77' lang='lat' dir='ltr'><strong>artificii</strong></span> <span class='ocrx_word' id='word_1_147' title='bbox 560 1459 820 1514; x_wconf 85' lang='lat' dir='ltr'><strong>novisset,</strong></span> <span class='ocrx_word' id='word_1_148' title='bbox 857 1461 1218 1515; x_wconf 78' lang='lat' dir='ltr'><strong>percontatus:</strong></span> <span class='ocrx_word' id='word_1_149' title='bbox 1274 1459 1440 1514; x_wconf 85' lang='lat' dir='ltr'><strong>Novi,</strong></span> <span class='ocrx_word' id='word_1_150' title='bbox 1471 1458 1639 1514; x_wconf 84' lang='lat' dir='ltr'><strong>inquit</strong></span> <span class='ocrx_word' id='word_1_151' title='bbox 1659 1459 1934 1518; x_wconf 79' lang='lat' dir='ltr'><strong>Diogenes,</strong></span> <span class='ocrx_word' id='word_1_152' title='bbox 2092 1499 2093 1522; x_wconf 19' lang='grc' dir='ltr'>ᾖ</span> 
     </span>
     <span class='ocr_line' id='line_1_20' title="bbox 336 1523 2093 1605; baseline -0.001 -32"><span class='ocrx_word' id='word_1_153' title='bbox 336 1525 629 1573; x_wconf 84' lang='lat' dir='ltr'><strong>hominibus</strong></span> <span class='ocrx_word' id='word_1_154' title='bbox 668 1525 846 1573; x_wconf 84' lang='lat' dir='ltr'><strong>liberis</strong></span> <span class='ocrx_word' id='word_1_155' title='bbox 883 1524 1154 1583; x_wconf 80' lang='lat' dir='ltr'><strong>imperare.</strong></span> <span class='ocrx_word' id='word_1_156' title='bbox 1237 1525 1315 1571; x_wconf 86' lang='lat'><strong>10.</strong></span> <span class='ocrx_word' id='word_1_157' title='bbox 1357 1525 1485 1571; x_wconf 88' lang='lat' dir='ltr'><strong>Tum</strong></span> <span class='ocrx_word' id='word_1_158' title='bbox 1522 1525 1807 1587; x_wconf 74' lang='lat' dir='ltr'><strong>xeniades,</strong></span> <span class='ocrx_word' id='word_1_159' title='bbox 1851 1539 1933 1572; x_wconf 85' lang='lat' dir='ltr'><strong>re·</strong></span> <span class='ocrx_word' id='word_1_160' title='bbox 2091 1523 2093 1605; x_wconf 46' lang='grc' dir='ltr'>Ῑ</span> 
     </span>
     <span class='ocr_line' id='line_1_21' title="bbox 334 1591 2093 1653; baseline -0.002 -12"><span class='ocrx_word' id='word_1_161' title='bbox 334 1607 582 1653; x_wconf 87' lang='lat' dir='ltr'><strong>sponsum</strong></span> <span class='ocrx_word' id='word_1_162' title='bbox 602 1593 713 1639; x_wconf 88' lang='lat' dir='ltr'><strong>eius</strong></span> <span class='ocrx_word' id='word_1_163' title='bbox 734 1592 1037 1651; x_wconf 70' lang='lat' dir='ltr'><strong>demiratus,</strong></span> <span class='ocrx_word' id='word_1_164' title='bbox 1067 1591 1193 1637; x_wconf 89' lang='lat' dir='ltr'><strong>emit</strong></span> <span class='ocrx_word' id='word_1_165' title='bbox 1219 1594 1272 1638; x_wconf 87' lang='lat' dir='ltr'><strong>et</strong></span> <span class='ocrx_word' id='word_1_166' title='bbox 1289 1606 1442 1639; x_wconf 85' lang='lat' dir='ltr'><strong>manu</strong></span> <span class='ocrx_word' id='word_1_167' title='bbox 1463 1593 1658 1651; x_wconf 85' lang='lat' dir='ltr'><strong>emisit;</strong></span> <span class='ocrx_word' id='word_1_168' title='bbox 1698 1594 1934 1652; x_wconf 79' lang='lat' dir='ltr'><strong>filiosque</strong></span> <span class='ocrx_word' id='word_1_169' title='bbox 2092 1610 2093 1615; x_wconf 48' lang='lat'>¹</span> 
     </span>
     <span class='ocr_line' id='line_1_22' title="bbox 334 1658 1937 1719; baseline -0.002 -11"><span class='ocrx_word' id='word_1_170' title='bbox 334 1674 458 1708; x_wconf 85' lang='lat' dir='ltr'><strong>suos</strong></span> <span class='ocrx_word' id='word_1_171' title='bbox 478 1660 526 1707; x_wconf 90' lang='lat' dir='ltr'><strong>ei</strong></span> <span class='ocrx_word' id='word_1_172' title='bbox 547 1660 777 1706; x_wconf 84' lang='lat' dir='ltr'><strong>tradens:</strong></span> <span class='ocrx_word' id='word_1_173' title='bbox 815 1658 1023 1717; x_wconf 81' lang='lat' dir='ltr'><strong>Accipe,</strong></span> <span class='ocrx_word' id='word_1_174' title='bbox 1045 1659 1232 1718; x_wconf 80' lang='lat' dir='ltr'><strong>inquit,</strong></span> <span class='ocrx_word' id='word_1_175' title='bbox 1253 1660 1448 1707; x_wconf 70' lang='lat' dir='ltr'><strong>liberos</strong></span> <span class='ocrx_word' id='word_1_176' title='bbox 1467 1674 1628 1715; x_wconf 88' lang='lat' dir='ltr'><strong>meos,</strong></span> <span class='ocrx_word' id='word_1_177' title='bbox 1638 1661 1820 1719; x_wconf 81' lang='lat' dir='ltr'><strong>quibus</strong></span> <span class='ocrx_word' id='word_1_178' title='bbox 1842 1660 1937 1706; x_wconf 87' lang='lat' dir='ltr'><strong>im-</strong></span> 
     </span>
     <span class='ocr_line' id='line_1_23' title="bbox 336 1725 1938 1787; baseline -0.001 -13"><span class='ocrx_word' id='word_1_179' title='bbox 336 1741 501 1787; x_wconf 84' lang='lat' dir='ltr'><strong>peres.</strong></span> <span class='ocrx_word' id='word_1_180' title='bbox 571 1728 649 1773; x_wconf 87' lang='lat' dir='ltr'><strong>De</strong></span> <span class='ocrx_word' id='word_1_181' title='bbox 679 1725 919 1785; x_wconf 78' lang='lat' dir='ltr'><strong>Epicteto</strong></span> <span class='ocrx_word' id='word_1_182' title='bbox 948 1728 1120 1772; x_wconf 81' lang='lat' dir='ltr'><strong>autem</strong></span> <span class='ocrx_word' id='word_1_183' title='bbox 1147 1726 1458 1785; x_wconf 86' lang='lat' dir='ltr'><strong>philosopho</strong></span> <span class='ocrx_word' id='word_1_184' title='bbox 1487 1727 1680 1786; x_wconf 88' lang='lat' dir='ltr'><strong>nobili,</strong></span> <span class='ocrx_word' id='word_1_185' title='bbox 1724 1728 1863 1786; x_wconf 74' lang='lat' dir='ltr'><strong>quod</strong></span> <span class='ocrx_word' id='word_1_186' title='bbox 1893 1728 1938 1772; x_wconf 86' lang='lat' dir='ltr'><strong>is</strong></span> 
     </span>
     <span class='ocr_line' id='line_1_24' title="bbox 334 1792 1937 1853; baseline -0.002 -11"><span class='ocrx_word' id='word_1_187' title='bbox 334 1807 536 1853; x_wconf 81' lang='lat' dir='ltr'><strong>quoque</strong></span> <span class='ocrx_word' id='word_1_188' title='bbox 556 1805 734 1839; x_wconf 83' lang='lat' dir='ltr'><strong>servus</strong></span> <span class='ocrx_word' id='word_1_189' title='bbox 756 1792 871 1851; x_wconf 77' lang='lat' dir='ltr'><strong>fuit,</strong></span> <span class='ocrx_word' id='word_1_190' title='bbox 902 1792 1160 1839; x_wconf 75' lang='lat' dir='ltr'><strong>recentior</strong></span> <span class='ocrx_word' id='word_1_191' title='bbox 1179 1796 1257 1839; x_wconf 88' lang='lat' dir='ltr'><strong>est</strong></span> <span class='ocrx_word' id='word_1_192' title='bbox 1272 1795 1534 1853; x_wconf 87' lang='lat' dir='ltr'><strong>memoria,</strong></span> <span class='ocrx_word' id='word_1_193' title='bbox 1565 1808 1713 1851; x_wconf 90' lang='lat' dir='ltr'><strong>quam</strong></span> <span class='ocrx_word' id='word_1_194' title='bbox 1731 1797 1788 1840; x_wconf 89' lang='lat' dir='ltr'><strong>ut</strong></span> <span class='ocrx_word' id='word_1_195' title='bbox 1809 1795 1937 1840; x_wconf 79' lang='lat' dir='ltr'><strong>scri-</strong></span> 
     </span>
    </p>

    <p class='ocr_par' dir='ltr' id='par_1_3' title="bbox 333 1859 1941 1987">
     <span class='ocr_line' id='line_1_25' title="bbox 333 1859 1939 1920; baseline -0.001 -11"><span class='ocrx_word' id='word_1_196' title='bbox 333 1862 387 1909; x_wconf 89' lang='lat' dir='ltr'><strong>bi</strong></span> <span class='ocrx_word' id='word_1_197' title='bbox 409 1861 558 1920; x_wconf 83' lang='lat' dir='ltr'><strong>quasi</strong></span> <span class='ocrx_word' id='word_1_198' title='bbox 578 1860 904 1907; x_wconf 83' lang='lat' dir='ltr'><strong>obliteratum</strong></span> <span class='ocrx_word' id='word_1_199' title='bbox 926 1859 1177 1905; x_wconf 83' lang='lat' dir='ltr'><strong>debuerit.</strong></span> <span class='ocrx_word' id='word_1_200' title='bbox 1225 1860 1354 1905; x_wconf 81' lang='lat' dir='ltr'><strong>Eius</strong></span> <span class='ocrx_word' id='word_1_201' title='bbox 1375 1860 1601 1919; x_wconf 81' lang='lat' dir='ltr'><strong>Epicteti</strong></span> <span class='ocrx_word' id='word_1_202' title='bbox 1620 1862 1776 1907; x_wconf 84' lang='lat' dir='ltr'><strong>etiam</strong></span> <span class='ocrx_word' id='word_1_203' title='bbox 1795 1862 1858 1907; x_wconf 88' lang='lat' dir='ltr'><strong>de</strong></span> <span class='ocrx_word' id='word_1_204' title='bbox 1881 1876 1939 1907; x_wconf 88' lang='lat' dir='ltr'><strong>se</strong></span> 
     </span>
     <span class='ocr_line' id='line_1_26' title="bbox 335 1926 1941 1987; baseline -0.001 -12"><span class='ocrx_word' id='word_1_205' title='bbox 335 1928 517 1987; x_wconf 84' lang='lat' dir='ltr'><strong>scripti</strong></span> <span class='ocrx_word' id='word_1_206' title='bbox 544 1928 644 1973; x_wconf 88' lang='lat' dir='ltr'><strong>duo</strong></span> <span class='ocrx_word' id='word_1_207' title='bbox 676 1938 855 1973; x_wconf 83' lang='lat' dir='ltr'><strong>versus</strong></span> <span class='ocrx_word' id='word_1_208' title='bbox 888 1927 1151 1972; x_wconf 77' lang='lat' dir='ltr'><strong>femntur:</strong></span> <span class='ocrx_word' id='word_1_209' title='bbox 1193 1940 1256 1972; x_wconf 84' lang='lat' dir='ltr'><strong>ex</strong></span> <span class='ocrx_word' id='word_1_210' title='bbox 1291 1926 1472 1983; x_wconf 86' lang='lat' dir='ltr'><strong>quibus</strong></span> <span class='ocrx_word' id='word_1_211' title='bbox 1494 1929 1718 1974; x_wconf 81' lang='lat' dir='ltr'><strong>latenter</strong></span> <span class='ocrx_word' id='word_1_212' title='bbox 1736 1928 1941 1974; x_wconf 82' lang='lat' dir='ltr'><strong>intelli-</strong></span> 
     </span>
    </p>

    <p class='ocr_par' dir='ltr' id='par_1_4' title="bbox 334 1992 1942 2058">
     <span class='ocr_line' id='line_1_27' title="bbox 334 1992 1942 2058; baseline -0.001 -16"><span class='ocrx_word' id='word_1_213' title='bbox 334 2010 451 2058; x_wconf 84' lang='lat' dir='ltr'><strong>gas,</strong></span> <span class='ocrx_word' id='word_1_214' title='bbox 489 2008 593 2042; x_wconf 85' lang='lat' dir='ltr'><strong>non</strong></span> <span class='ocrx_word' id='word_1_215' title='bbox 617 2007 791 2041; x_wconf 87' lang='lat' dir='ltr'><strong>omnes</strong></span> <span class='ocrx_word' id='word_1_216' title='bbox 813 1992 1121 2039; x_wconf 80' lang='lat' dir='ltr'><strong>omnimodis</strong></span> <span class='ocrx_word' id='word_1_217' title='bbox 1143 1992 1242 2037; x_wconf 84' lang='lat' dir='ltr'><strong>diis</strong></span> <span class='ocrx_word' id='word_1_218' title='bbox 1264 2006 1453 2040; x_wconf 83' lang='lat' dir='ltr'><strong>exosos</strong></span> <span class='ocrx_word' id='word_1_219' title='bbox 1473 2008 1612 2054; x_wconf 89' lang='lat' dir='ltr'><strong>esse,</strong></span> <span class='ocrx_word' id='word_1_220' title='bbox 1653 1995 1738 2053; x_wconf 86' lang='lat' dir='ltr'><strong>qui</strong></span> <span class='ocrx_word' id='word_1_221' title='bbox 1768 1995 1823 2040; x_wconf 87' lang='lat' dir='ltr'><strong>in</strong></span> <span class='ocrx_word' id='word_1_222' title='bbox 1844 1996 1942 2041; x_wconf 84' lang='lat' dir='ltr'><strong>hae</strong></span> 
     </span>
    </p>

    <p class='ocr_par' dir='ltr' id='par_1_5' title="bbox 336 2060 1945 2119">
     <span class='ocr_line' id='line_1_28' title="bbox 336 2060 1945 2119; baseline -0.001 -9"><span class='ocrx_word' id='word_1_223' title='bbox 336 2064 445 2110; x_wconf 87' lang='lat' dir='ltr'><strong>vita</strong></span> <span class='ocrx_word' id='word_1_224' title='bbox 475 2076 587 2109; x_wconf 84' lang='lat' dir='ltr'><strong>eum</strong></span> <span class='ocrx_word' id='word_1_225' title='bbox 616 2074 973 2107; x_wconf 82' lang='lat' dir='ltr'><strong>aerumnarum</strong></span> <span class='ocrx_word' id='word_1_226' title='bbox 1002 2060 1254 2106; x_wconf 79' lang='lat' dir='ltr'><strong>varietate</strong></span> <span class='ocrx_word' id='word_1_227' title='bbox 1283 2060 1566 2119; x_wconf 70' lang='lat' dir='ltr'><strong>luctantur-3</strong></span> <span class='ocrx_word' id='word_1_228' title='bbox 1609 2062 1698 2109; x_wconf 84' lang='lat' dir='ltr'><strong>sed</strong></span> <span class='ocrx_word' id='word_1_229' title='bbox 1721 2075 1834 2109; x_wconf 91' lang='lat' dir='ltr'><strong>esse</strong></span> <span class='ocrx_word' id='word_1_230' title='bbox 1855 2076 1945 2109; x_wconf 76' lang='lat' dir='ltr'><strong>ar-</strong></span> 
     </span>
    </p>
   </div>
   <div class='ocr_carea' id='block_1_3' title="bbox 2088 1 2097 1210">
    <p class='ocr_par' dir='ltr' id='par_1_6' title="bbox 2088 1 2097 1210">
     <span class='ocr_line' id='line_1_29' title="bbox 2088 1 2097 1210; baseline 0 0"><span class='ocrx_word' id='word_1_231' title='bbox 2088 1 2097 1210; x_wconf 95' lang='lat' dir='ltr'><strong> </strong></span> 
     </span>
    </p>
   </div>
   <div class='ocr_carea' id='block_1_4' title="bbox 334 2128 1946 2187">
    <p class='ocr_par' dir='ltr' id='par_1_7' title="bbox 334 2128 1946 2187">
     <span class='ocr_line' id='line_1_30' title="bbox 334 2128 1946 2187; baseline 0 -12"><span class='ocrx_word' id='word_1_232' title='bbox 334 2143 488 2177; x_wconf 84' lang='lat' dir='ltr'><strong>canas</strong></span> <span class='ocrx_word' id='word_1_233' title='bbox 527 2140 731 2187; x_wconf 80' lang='lat' dir='ltr'><strong>causas,</strong></span> <span class='ocrx_word' id='word_1_234' title='bbox 770 2128 838 2174; x_wconf 86' lang='lat' dir='ltr'><strong>ad</strong></span> <span class='ocrx_word' id='word_1_235' title='bbox 855 2140 981 2185; x_wconf 83' lang='lat' dir='ltr'><strong>quas</strong></span> <span class='ocrx_word' id='word_1_236' title='bbox 1018 2140 1298 2184; x_wconf 78' lang='lat' dir='ltr'><strong>paucorum</strong></span> <span class='ocrx_word' id='word_1_237' title='bbox 1337 2129 1508 2187; x_wconf 88' lang='lat' dir='ltr'><strong>potuit</strong></span> <span class='ocrx_word' id='word_1_238' title='bbox 1544 2129 1812 2187; x_wconf 81' lang='lat' dir='ltr'><strong>pervenire</strong></span> <span class='ocrx_word' id='word_1_239' title='bbox 1853 2143 1946 2175; x_wconf 86' lang='lat' dir='ltr'><strong>cu-</strong></span> 
     </span>
    </p>
   </div>
   <div class='ocr_carea' id='block_1_5' title="bbox 333 2198 1707 2337">
    <p class='ocr_par' dir='ltr' id='par_1_8' title="bbox 333 2198 1707 2337">
     <span class='ocr_line' id='line_1_31' title="bbox 333 2198 1707 2337; baseline 0.001 -30"><span class='ocrx_word' id='word_1_240' title='bbox 333 2212 359 2242; x_wconf 59' lang='lat'>¹</span> <span class='ocrx_word' id='word_1_241' title='bbox 364 2198 627 2314; x_wconf 37' lang='lat' dir='ltr'><strong>haist-alsae,</strong></span> <span class='ocrx_word' id='word_1_242' title='bbox 609 2256 918 2319; x_wconf 76' lang='grc' dir='ltr'><strong><em>Ἐπίκτητος</em></strong></span> <span class='ocrx_word' id='word_1_243' title='bbox 939 2254 1178 2324; x_wconf 70' lang='grc' dir='ltr'><strong>γενόμην</strong></span> <span class='ocrx_word' id='word_1_244' title='bbox 1202 2259 1286 2307; x_wconf 83' lang='grc' dir='ltr'><strong>καὶ</strong></span> <span class='ocrx_word' id='word_1_245' title='bbox 1306 2254 1506 2337; x_wconf 74' lang='grc' dir='ltr'><strong><em>σώματι</em></strong></span> <span class='ocrx_word' id='word_1_246' title='bbox 1527 2254 1707 2325; x_wconf 77' lang='grc' dir='ltr'><strong><em>πηρός,</em></strong></span> 
     </span>
    </p>
   </div>
   <div class='ocr_carea' id='block_1_6' title="bbox 468 2320 1546 2392">
    <p class='ocr_par' dir='ltr' id='par_1_9' title="bbox 468 2320 1546 2392">
     <span class='ocr_line' id='line_1_32' title="bbox 468 2320 1546 2392; baseline -0.003 -17"><span class='ocrx_word' id='word_1_247' title='bbox 468 2325 581 2375; x_wconf 73' lang='grc' dir='ltr'><strong>Καὶ</strong></span> <span class='ocrx_word' id='word_1_248' title='bbox 598 2328 774 2388; x_wconf 73' lang='grc' dir='ltr'><strong><em>πενίην</em></strong></span> <span class='ocrx_word' id='word_1_249' title='bbox 788 2320 937 2392; x_wconf 83' lang='grc' dir='ltr'><em>Ἶρος,</em></span> <span class='ocrx_word' id='word_1_250' title='bbox 960 2326 1045 2373; x_wconf 81' lang='grc' dir='ltr'><strong>καὶ</strong></span> <span class='ocrx_word' id='word_1_251' title='bbox 1064 2326 1213 2391; x_wconf 79' lang='grc' dir='ltr'><strong><em>φίλος</em></strong></span> <span class='ocrx_word' id='word_1_252' title='bbox 1233 2322 1380 2374; x_wconf 68' lang='grc' dir='ltr'><strong>ἆθαι</strong></span> <span class='ocrx_word' id='word_1_253' title='bbox 1381 2322 1546 2381; x_wconf 59' lang='lat' dir='ltr'><strong>tirone.</strong></span> 
     </span>
    </p>
   </div>
   <div class='ocr_carea' id='block_1_7' title="bbox 832 2456 1450 2509">
    <p class='ocr_par' dir='ltr' id='par_1_10' title="bbox 832 2456 1450 2509">
     <span class='ocr_line' id='line_1_33' title="bbox 832 2456 1450 2509; baseline 0 -2"><span class='ocrx_word' id='word_1_254' title='bbox 832 2457 1206 2509; x_wconf 84' lang='lat' dir='ltr'><strong>CAPUT</strong></span> <span class='ocrx_word' id='word_1_255' title='bbox 1278 2456 1450 2507; x_wconf 85' lang='lat' dir='ltr'>XIX.</span> 
     </span>
    </p>
   </div>
   <div class='ocr_carea' id='block_1_8' title="bbox 370 2538 1948 2651">
    <p class='ocr_par' dir='ltr' id='par_1_11' title="bbox 370 2538 1948 2651">
     <span class='ocr_line' id='line_1_34' title="bbox 392 2538 1948 2607; baseline 0.001 -25"><span class='ocrx_word' id='word_1_256' title='bbox 392 2538 575 2583; x_wconf 64' lang='lat' dir='ltr'><strong>Roscii-e</strong></span> <span class='ocrx_word' id='word_1_257' title='bbox 602 2540 783 2585; x_wconf 75' lang='lat' dir='ltr'><strong>verbum</strong></span> <span class='ocrx_word' id='word_1_258' title='bbox 816 2542 934 2607; x_wconf 77' lang='lat' dir='ltr'><strong>qnid</strong></span> <span class='ocrx_word' id='word_1_259' title='bbox 957 2540 1036 2591; x_wconf 77' lang='lat' dir='ltr'><strong>sit,</strong></span> <span class='ocrx_word' id='word_1_260' title='bbox 1071 2548 1114 2584; x_wconf 74' lang='lat' dir='ltr'><strong>ec</strong></span> <span class='ocrx_word' id='word_1_261' title='bbox 1146 2554 1280 2597; x_wconf 71' lang='lat' dir='ltr'><strong>quam</strong></span> <span class='ocrx_word' id='word_1_262' title='bbox 1309 2538 1482 2582; x_wconf 73' lang='lat' dir='ltr'><strong>habeat</strong></span> <span class='ocrx_word' id='word_1_263' title='bbox 1499 2551 1655 2583; x_wconf 75' lang='lat' dir='ltr'><strong>veram</strong></span> <span class='ocrx_word' id='word_1_264' title='bbox 1675 2546 1811 2596; x_wconf 76' lang='lat' dir='ltr'><strong>aeque</strong></span> <span class='ocrx_word' id='word_1_265' title='bbox 1825 2554 1948 2598; x_wconf 77' lang='lat' dir='ltr'><strong>pro·</strong></span> 
     </span>
     <span class='ocr_line' id='line_1_35' title="bbox 370 2594 1027 2651; baseline 0.005 -15"><span class='ocrx_word' id='word_1_266' title='bbox 370 2615 379 2623; x_wconf 90' lang='lat'><strong>·</strong></span> <span class='ocrx_word' id='word_1_267' title='bbox 439 2595 597 2649; x_wconf 75' lang='lat' dir='ltr'><strong>priam</strong></span> <span class='ocrx_word' id='word_1_268' title='bbox 615 2594 1027 2651; x_wconf 60' lang='lat' dir='ltr'><strong>significationem.</strong></span> 
     </span>
    </p>
   </div>
   <div class='ocr_carea' id='block_1_9' title="bbox 339 2669 1950 2796">
    <p class='ocr_par' dir='ltr' id='par_1_12' title="bbox 339 2669 1950 2796">
     <span class='ocr_line' id='line_1_36' title="bbox 406 2669 1950 2729; baseline 0.002 -14"><span class='ocrx_word' id='word_1_269' title='bbox 406 2672 453 2715; x_wconf 88' lang='lat'><strong>1.</strong></span> <span class='ocrx_word' id='word_1_270' title='bbox 500 2672 721 2718; x_wconf 83' lang='lat' dir='ltr'><strong>Verbum</strong></span> <span class='ocrx_word' id='word_1_271' title='bbox 759 2673 957 2719; x_wconf 71' lang='lat' dir='ltr'><strong>rescire</strong></span> <span class='ocrx_word' id='word_1_272' title='bbox 1004 2669 1390 2717; x_wconf 81' lang='lat' dir='ltr'><strong>observavimus</strong></span> <span class='ocrx_word' id='word_1_273' title='bbox 1434 2670 1538 2716; x_wconf 83' lang='lat' dir='ltr'><strong>vim</strong></span> <span class='ocrx_word' id='word_1_274' title='bbox 1587 2669 1774 2716; x_wconf 84' lang='lat' dir='ltr'><strong>habere</strong></span> <span class='ocrx_word' id='word_1_275' title='bbox 1823 2686 1950 2729; x_wconf 87' lang='lat' dir='ltr'><strong>pro-</strong></span> 
     </span>
     <span class='ocr_line' id='line_1_37' title="bbox 339 2736 1949 2796; baseline 0.003 -15"><span class='ocrx_word' id='word_1_276' title='bbox 339 2736 500 2795; x_wconf 85' lang='lat' dir='ltr'><strong>priam</strong></span> <span class='ocrx_word' id='word_1_277' title='bbox 532 2738 783 2793; x_wconf 79' lang='lat' dir='ltr'><strong>quandam</strong></span> <span class='ocrx_word' id='word_1_278' title='bbox 796 2770 814 2796; x_wconf 88' lang='lat'><em>‚</em></span> <span class='ocrx_word' id='word_1_279' title='bbox 848 2752 953 2785; x_wconf 84' lang='lat' dir='ltr'><strong>non</strong></span> <span class='ocrx_word' id='word_1_280' title='bbox 980 2751 1051 2785; x_wconf 80' lang='lat' dir='ltr'><strong>ex</strong></span> <span class='ocrx_word' id='word_1_281' title='bbox 1073 2736 1327 2785; x_wconf 82' lang='lat' dir='ltr'><strong>communi</strong></span> <span class='ocrx_word' id='word_1_282' title='bbox 1346 2736 1723 2795; x_wconf 76' lang='lat' dir='ltr'><strong>significatione</strong></span> <span class='ocrx_word' id='word_1_283' title='bbox 1746 2742 1949 2786; x_wconf 75' lang='lat' dir='ltr'><strong>cetero—</strong></span> 
     </span>
    </p>
   </div>
   <div class='ocr_carea' id='block_1_10' title="bbox 2089 2108 2098 3035">
    <p class='ocr_par' dir='ltr' id='par_1_13' title="bbox 2089 2108 2098 3035">
     <span class='ocr_line' id='line_1_38' title="bbox 2089 2108 2098 3035; baseline 0 0"><span class='ocrx_word' id='word_1_284' title='bbox 2089 2108 2098 3035; x_wconf 95' lang='lat' dir='ltr'><strong> </strong></span> 
     </span>
    </p>
   </div>
  </div>
 </body>
</html>
