2134 3091
286 227 356 279 24
483 227 489 233 ’
726 229 995 280 'AULI
1069 235 1382 281 GELLII

784 363 1160 416 CAPUT
1228 365 1378 418 xlv.

342 448 468 498 Quid
497 447 671 515 digerit
692 445 971 516 feceritque
1001 449 1044 492 G.
1082 449 1356 501 Fabricius,
1401 462 1578 504 magna
1605 449 1681 494 οἶν
1716 449 1880 516 gloria

386 504 573 558 magnis
605 519 662 547 ue
688 503 825 546 rebus
844 505 1017 558 gestis,
1048 510 1131 550 sed
1142 504 1374 560 familiae
1397 519 1706 562 potuumque
1725 505 1875 561 inops,

388 571 489 602 cum
507 559 551 602 ei
604 559 800 602 amnites
811 565 1039 617 tanquam
1054 561 1288 616 indigenti
1297 573 1442 616 grave
1455 573 1620 604 mrum
1633 563 1876 604 amu-ene.

336 654 380 697 l.
417 652 587 700 lulius
616 651 839 712 Higinus
869 653 923 698 in
956 653 1092 700 libro
1121 643 1200 700 De
1229 654 1338 700 vita
1367 655 1624 712 rebusque
1649 651 1878 699 illustri-

278 731 367 764 um
385 719 616 766 virorum
636 724 791 766 sexto
823 719 1025 778 legatos
1060 721 1186 766 dicit
1220 734 1248 766 a
1278 715 1596 769 Samnitibus
1617 721 1678 766 ad
1703 721 1755 764 C.
1775 719 1878 764 Fa·

280 785 498 831 bricium
520 788 885 844 Imperatorem
906 787 1091 845 populi
1111 787 1327 834 Romani
1351 787 1590 846 venisse,
1613 791 1663 833 et
1681 780 1877 832 memo-

278 852 407 898 ratis
438 851 621 899 multis
652 853 952 911 magnisque
987 855 1174 908 rebus
1205 868 1338 912 quae
1367 855 1498 902 bene
1530 868 1590 901 ao
1617 853 1874 914 benevole

279 921 399 976 post
409 919 661 964 redditam
675 933 848 976 pacem
863 919 1182 969 Samnitibus
1204 921 1444 980 fecisset,
1469 909 1723 968 obtulisse
1739 919 1876 965 dono

274 986 518 1043 grandem
549 985 849 1044 pecuniam,
886 1000 1193 1050 orasseque,
1231 988 1309 1036 uti
1337 987 1595 1047 acciperet
1619 991 1874 1032 uteretur-

274 1065 401 1108 que:
433 1057 586 1110 atque
620 1052 672 1097 id
705 1053 874 1112 facere
907 1053 1167 1103 Samnites
1200 1054 1431 1110 dixisse,
1469 1054 1606 1111 quod
1639 1053 1875 1099 viderent

275 1120 437 1167 multa
456 1120 519 1167 ad
543 1120 871 1178 splendorem
892 1121 1075 1178 domus
1097 1125 1250 1180 atque
1273 1122 1442 1174 victus
1463 1121 1641 1167 defleri
1657 1153 1672 1178 ‚
1709 1132 1877 1176 neque

274 1199 367 1245 pro
400 1187 742 1247 amplitudine
776 1181 1133 1250 dignitateque
1156 1188 1348 1234 lautum
1370 1191 1602 1247 paratum
1626 1200 1758 1233 esse.
1829 1187 1875 1229 2.

274 1255 403 1298 Tum
415 1252 708 1300 Fabricium
729 1252 909 1312 planas
928 1269 1110 1302 manus
1123 1258 1183 1301 ab
1205 1256 1416 1302 auribus
1429 1256 1494 1300 ad
1506 1255 1706 1312 oculos,
1731 1251 1877 1298 etin-

277 1320 357 1364 fra
390 1320 634 1378 deinceps
666 1320 731 1364 ad
764 1334 915 1378 nares
938 1326 989 1368 et
1011 1323 1077 1368 ad
1098 1336 1157 1368 os
1179 1325 1232 1366 et
1267 1323 1331 1366 ad
1351 1322 1544 1381 gulam,
1583 1324 1734 1378 atque
1757 1319 1877 1363 inde

278 1399 431 1444 porro
454 1387 517 1431 ad
537 1387 804 1432 ventrem'
791 1402 945 1437 lmum
966 1389 1277 1450 deduxisse,
1299 1391 1352 1434 et
1371 1389 1560 1448 legatis
1577 1389 1648 1434 ita
1659 1399 1876 1444 respon-

278 1452 445 1498 disse:
474 1453 603 1496 Dum
626 1451 738 1498 illis
760 1456 995 1502 omnibus
1016 1455 1284 1512 membris,
1317 1469 1446 1516 quae
1467 1455 1753 1514 attigisset,
1786 1456 1878 1498 ob·

280 1519 467 1565 sistere
488 1519 678 1577 atque
665 1533 915 1580 imperare
932 1525 1130 1601 posset,
1157 1535 1410 1580 nunquam
1435 1521 1706 1581 quidquam
1729 1521 1880 1567 defu-

278 1592 478 1635 turum:
498 1591 775 1648 propterea
794 1590 1080 1649 pecuniam,
1102 1604 1202 1647 qua
1220 1590 1352 1636 nihil
1374 1590 1475 1637 sibi
1496 1593 1636 1637 esset
1653 1602 1794 1649 usus,
1817 1588 1880 1631 ab

281 1653 348 1701 iis
370 1687 383 1712 ,
404 1652 592 1713 quibus
614 1667 723 1701 eam
748 1656 904 1702 sciret
925 1657 1045 1711 usui
1069 1671 1184 1705 esse
1202 1692 1215 1715 ‚
1246 1671 1351 1703 non
1371 1656 1624 1719 accipere.

785 1787 1162 1839 CAPUT
1233 1788 1364 1841 XV.

338 1872 489 1919 Quam
522 1870 843 1927 importunum
862 1870 1039 1918 vitium
1065 1872 1128 1914 sit
1155 1873 1436 1939 plenumque
1461 1872 1560 1917 odis·
1575 1872 1751 1940 futilis
1777 1873 1880 1915 inu-

386 1928 837 2041 Zssssssiqffffli‘effgssfss
849 1934 985 2027 „2553
988 1928 1296 2027 3233227350
1305 1927 1772 2047 ‘2225‘22‘221‘1'213'22‘35'’
1775 1928 1879 1971 ‘'³¹‘'

350 2078 396 2124 l.
434 2078 538 2132 Qui
568 2084 689 2125 sunt
720 2078 865 2125 leves
898 2079 950 2123 et
980 2076 1164 2124 futiles
1193 2079 1246 2123 et
1275 2076 1558 2136 importuni
1590 2077 1877 2131 locutores,

281 2145 469 2202 quique
501 2145 650 2191 nullo
681 2159 854 2191 rerum
885 2136 1114 2203 pon‘dere
1145 2143 1317 2192 innixi
1363 2146 1533 2193 verbis
1568 2144 1794 2191 humidis
1827 2147 1880 2189 et

282 2210 605 2270 lapsantibus
636 2211 889 2271 diffluunt,
922 2226 1101 2259 corum
1131 2212 1418 2259 orationem
1450 2215 1582 2260 bene
1613 2211 1881 2259 existima-

280 2280 383 2325 tum
409 2282 489 2323 est
509 2278 562 2323 in
582 2291 673 2324 ore
695 2279 835 2328 nasci
850 2311 865 2337 ,
885 2280 1066 2325 nonin
1086 2281 1322 2337 pectore:
1343 2280 1576 2338 linguam
1595 2282 1764 2325 autem
1789 2276 1880 2321 de-

283 2347 407 2391 bere
437 2343 585 2390 aiunt
612 2357 717 2390 non
739 2348 863 2391 'esse
894 2345 1112 2393 liberam
1142 2360 1238 2392 nec
1271 2360 1468 2405 vagam,
1492 2345 1584 2391 sed
1605 2341 1794 2389 vinc-lis
1817 2342 1880 2387 de

282 2414 494 2469 pectore
516 2410 620 2457 imo
642 2424 701 2457 ac
723 2411 785 2456 de
800 2412 953 2457 corde
975 2412 1110 2470 aptis
1129 2412 1330 2465 moveri
1355 2415 1409 2457 et
1427 2410 1576 2468 quasi
1589 2407 1883 2469 gubernari.

280 2480 331 2523 2.
367 2478 470 2525 Sed
513 2478 651 2525 enim
692 2477 870 2524 videas
922 2479 1170 2534 quosdam
1209 2479 1286 2525 sio
1323 2481 1522 2525 scatere
1561 2475 1734 2524 verbis
1767 2474 1882 2519 sine

283 2544 397 2590 ullo
428 2544 615 2591 iudicii
648 2544 860 2603 negotio
895 2557 1007 2591 cum
1036 2545 1326 2592 securitate-
1345 2546 1508 2590 multa
1534 2546 1587 2591 et
1605 2541 1882 2603 profunda,

284 2613 344 2656 ut
377 2610 653 2665 loquentes
687 2612 991 2669 plerumque
1022 2610 1302 2656 videantur
1329 2611 1474 2667 loqui
1504 2625 1620 2657 sese
1653 2608 1878 2655 nescire.

288 2676 334 2721 3.
376 2675 613 2732 Ulyssem
649 2680 829 2722 contra
861 2679 1142 2731 Homerus,
1177 2678 1339 2721 virum
1386 2677 1608 2735 sapienti
1637 2674 1880 2723 facundia

290 2740 596 2801 praeditum,
620 2755 799 2787 vocem
828 2742 1034 2787 mittere
1056 2741 1129 2787 ait
1150 2756 1252 2787 non
1273 2757 1340 2790 ex
1362 2757 1476 2806 ore,
1499 2746 1592 2793 sed
1612 2757 1681 2793 ex
1701 2744 1880 2803 pecto-
