2134 3091
278 167 343 215 80
786 167 997 212 AULI
1071 167 1387 214 GELLH

278 288 424 344 parte
446 283 619 344 aliqua
639 282 788 329 illius
812 283 864 328 in
888 287 1011 330 urbe
1031 280 1306 348 Roma[na]
1329 286 1462 330 sunt.
1529 285 1602 328 12.
1635 281 1881 337 quintum

279 363 481 409 quoque
500 350 727 396 Mucium
745 350 1175 397 iurisconsultum
1196 353 1367 398 dicere
1391 350 1598 396 solitum
1620 350 1748 408 legi,
1779 362 1883 393 non

284 432 396 464 esse
416 421 715 476 usurpatam
732 417 1019 476 mulierem,
1052 433 1183 475 quae
1201 418 1448 464 Kalendis
1467 417 1727 463 ianuariis
1749 416 1880 472 apud

284 485 451 530 virum
492 496 647 530 causa
682 484 1002 530 matrimonii
1041 497 1154 532 esse
1195 485 1466 542 coepisset,
1506 485 1558 529 et
1597 489 1713 528 ante
1751 481 1884 527 diem

284 555 517 609 quartum
547 550 809 596 Kalendas
839 551 1105 597 lanuarias
1135 551 1396 608 sequentis
1419 553 1718 608 usurpatum
1739 548 1882 594 isset.

287 621 366 664 13.
406 619 523 664 Non
554 616 691 662 enim
720 628 873 674 posse
903 617 1110 675 impleri
1141 619 1456 674 trinoctium,
1497 617 1638 674 quod
1657 617 1834 661 abesse
1856 629 1887 661 a

288 685 399 730 viro
454 682 732 740 usurpandi
781 695 937 729 causa
984 697 1050 730 ex
1099 684 1367 730 duodecim
1409 683 1598 730 tabulis
1651 683 1884 728 deberet:

286 749 529 808 quoniam
569 749 755 795 tertiae
792 750 960 796 noctis
1000 750 1318 810 posteriores
1353 765 1448 797 sex
1480 750 1640 795 horae
1670 748 1886 794 alterius

286 816 408 862 anni
431 818 623 870 essent,
644 815 729 880 quj
751 815 1004 875 inciperet
1024 831 1092 864 ex
1116 818 1382 864 Kalendis.
1456 820 1535 863 14.
1573 817 1772 862 isthaec
1791 829 1883 861 au-

286 890 391 930 tem
420 882 593 928 omnia
619 883 679 928 de
708 882 907 930 dierum
936 884 1252 941 temporibus
1284 888 1333 930 et
1355 883 1537 929 finibus
1559 883 1621 928 ad
1643 883 1886 928 observa·

290 951 485 997 tionem
520 949 943 1009 disciplinamque
973 951 1104 997 iuris
1133 952 1330 1008 antiqui
1360 949 1679 1008 pertinentia
1699 963 1810 996 cum
1831 949 1886 994 in

287 1019 436 1064 libris
455 1022 685 1063 veterum
708 1017 1074 1076 inveniremus,
1099 1031 1204 1063 nou
1228 1018 1599 1070 dubitabamus,
1628 1015 1751 1072 quin
1773 1015 1889 1060 Vir-

287 1086 443 1144 gilius
474 1098 673 1142 quoque
704 1083 754 1131 id
786 1087 949 1144 ipsum
981 1085 1297 1139 ostenderit,
1334 1097 1439 1130 non
1469 1083 1708 1142 exposite
1737 1085 1888 1140 atque

288 1157 489 1210 aperte,
529 1152 645 1208 sed,
686 1155 745 1198 ut
773 1153 1031 1198 hominem
1063 1153 1234 1198 decuit
1270 1151 1504 1209 poeticas
1527 1165 1610 1197 res
1633 1153 1888 1209 agentem,

286 1219 555 1266 recondita
572 1222 625 1264 et
644 1219 791 1276 quasi
811 1224 995 1277 operta
1018 1219 1212 1264 veteris
1234 1218 1364 1264 ritus
1387 1217 1427 1262 si
1435 1217 1782 1276 gnificatione.

288 1289 365 1332 15.
437 1311 499 1319 —
520 1309 587 1320 -—
610 1287 852 1345 Torquet,
876 1285 1059 1342 inquit,
1084 1288 1268 1330 medios
1288 1300 1398 1332 nox
1415 1285 1621 1330 ltmm'doe
1643 1296 1860 1330 cursus.-

437 1351 511 1396 Et
526 1365 601 1398 me
626 1365 813 1399 saevus
834 1354 976 1412 equis
998 1354 1169 1398 oriens
1189 1349 1394 1408 afflavit
1417 1352 1633 1399 anhelis.

287 1421 367 1464 16.
404 1419 502 1464 His
543 1418 677 1464 enim
719 1420 949 1465 versibus
990 1419 1212 1476 oblique,
1252 1418 1406 1465 sicuti
1436 1419 1572 1472 dixi,
1613 1418 1888 1462 admonere

285 1485 487 1538 voluit,
524 1485 681 1539 diem,
722 1498 868 1542 quem
900 1486 1116 1531 Romani
1151 1487 1352 1532 civilem
1389 1486 1814 1544 appellaverunt,
1856 1497 1889 1529 a

284 1557 437 1599 sexta
458 1552 625 1599 noctis
646 1553 775 1599 hora
792 1553 937 1599 oriri.

812 1652 1009 1705 cAP
1048 1653 1094 1702 U
1135 1652 1184 1700 Τ
1257 1652 1368 1703 111.

340 1718 409 1761 De
427 1715 662 1761 noscendis
676 1719 1055 1775 explorandisque
1074 1719 1238 1763 Plauti
1257 1719 1513 1768 comoediis,
1535 1720 1755 1775 quo-niam
1769 1732 1884 1774 pro-

396 1774 565 1817 miscue
592 1787 726 1817 verae
756 1780 893 1830 atque
912 1775 1082 1833 falsae
1109 1775 1288 1818 nomine
1317 1776 1406 1818 eius
1439 1776 1696 1831 inscriptae
1714 1773 1886 1831 ferun-

396 1837 491 1872 tur:
529 1836 670 1885 atque
698 1828 832 1880 inibi,
862 1835 983 1887 quod
998 1831 1190 1875 Plautus
1222 1832 1275 1873 iu
1288 1831 1508 1887 pistrino,
1525 1837 1586 1873 -aet
1603 1830 1809 1873 Naevius
1837 1830 1890 1872 in

394 1898 572 1929 carcere
580 1884 783 1943 fabulas
803 1887 1138 1943 scriptitarint.

352 1961 395 2004 l.
436 1960 623 2004 Verum
644 1970 757 2003 esse
781 1960 1094 2017 comperior,
1127 1960 1263 2015 quod
1285 1958 1528 2015 quosdam
1551 1961 1681 2004 bene
1703 1956 1888 2002 litera-

280 2029 363 2072 tos
384 2025 618 2073 homines
644 2024 813 2072 dicere
834 2027 1034 2082 audivi,
1073 2026 1158 2083 qui
1189 2026 1458 2083 plerasque
1479 2025 1646 2070 Plauti
1681 2037 1887 2068 comoe-

282 2094 389 2139 dias
413 2094 616 2139 curiose
637 2094 787 2150 atque
809 2097 1051 2141 contente
1075 2092 1461 2149 lectitaverant,
1495 2105 1599 2137 non
1624 2091 1886 2137 indicibus

280 2160 418 2207 Aelii
442 2156 477 2223 [,
500 2156 617 2223 nec]
642 2160 882 2220 Sedigiti,
912 2176 1009 2207 nee
1032 2158 1270 2213 Claudii,
1300 2172 1397 2204 nec
1423 2157 1643 2216 Aurelii,
1677 2170 1772 2202 nec
1791 2160 1888 2201 At-

277 2228 365 2283 tii,
407 2241 501 2273 nec
528 2227 735 2272 Manilii
766 2242 920 2287 super
946 2228 1011 2273 iis
1045 2226 1262 2283 fabulis,
1305 2238 1436 2283 quae
1459 2224 1700 2269 dicuntur
1719 2223 1885 2269 ambi-

278 2308 423 2352 guae,
455 2294 769 2351 creditu1·os,'
796 2297 881 2341 sed
904 2296 1005 2352 ipsi
1026 2293 1213 2339 Plauto
1235 2293 1560 2348 moribusque
1583 2290 1780 2349 ingenii
1802 2295 1883 2335 at-

279 2374 373 2418 que
394 2360 603 2419 linguae
622 2360 753 2408 eius.
818 2366 864 2407 2.
903 2363 1012 2407 Hac
1032 2360 1170 2411 enim
1191 2359 1375 2406 iudicii
1394 2372 1576 2405 norma
1599 2360 1886 2403 Varronem

279 2440 477 2485 quoque
499 2422 659 2491 [esse]
682 2442 831 2474 usum
852 2428 1097 2474 videmus.
1138 2430 1186 2473 3.
1207 2428 1338 2471 Nam
1357 2431 1563 2485 praeter
1585 2426 1706 2471 illas
1729 2437 1885 2471 unam

280 2496 331 2538 et
360 2494 562 2550 viginti,
602 2508 729 2549 quae
758 2494 1113 2541 Varronianae
1154 2497 1428 2549 vocantur3
1467 2506 1591 2550 quas
1623 2492 1814 2537 idcirco
1854 2506 1884 2536 a

282 2558 468 2605 ceteris
489 2564 797 2617 segregavit,
814 2561 1055 2617 quoniam
1074 2561 1322 2607 dubiosae
1341 2574 1448 2606 non
1469 2562 1632 2610 erant,
1647 2560 1736 2604 sed
1759 2570 1884 2603 con-

284 2636 438 2667 sensu
480 2624 706 2671 omnium
734 2626 910 2672 Plauti
940 2639 1053 2672 esse
1085 2630 1446 2683 censebantur3
1489 2626 1730 2683 quasdam
1759 2625 1881 2671 item

285 2688 419 2732 alias
458 2689 721 2753 probavit,
759 2692 1007 2738 adductus
1049 2693 1174 2738 stilo
1214 2696 1365 2750 atque
1405 2693 1593 2739 facetia
1631 2692 1886 2739 sermonis

2061 1 2063 88 4
