2134 3091
338 193 416 250 354
838 199 1064 254 ,AUL1
1137 198 1459 244 GELLH

336 359 341 364 .
418 317 579 374 Quem
600 318 697 362 teba·
713 313 961 376 lon'gcmvo
983 329 1154 363 serum
1173 316 1404 378 Lavinia
1423 316 1653 364 coniunx

418 382 617 430 Educet
636 383 795 443 sylvis
812 379 837 428 ?
1691 423 1700 430 .

332 452 401 496 14.
422 450 563 496 Haec
580 451 719 498 enim
743 451 897 496 verba
918 449 1210 508 significare
1231 448 1396 495 videri
1419 451 1652 509 possunt,
1675 449 1850 496 Aenea
1869 447 1950 494 vi-

356 531 421 564 vo
452 530 512 562 ac
543 516 643 564 iam
674 531 797 562 sene
829 520 1005 568 uatum
1024 516 1076 562 ei
1096 516 1316 562 Silvium
1339 519 1390 562 et
1407 516 1695 562 educatum.
1768 518 1814 560 5.
1851 517 1949 560 lta-

330 611 333 613 *
357 598 452 642 que
481 583 611 630 hanc
640 583 951 630 sententiam
986 596 1101 629 esse
1134 584 1404 628 verborum
1427 582 1644 628 istorum
1665 581 1950 628 Caesellius

356 650 599 707 opinatus
632 650 685 696 in
718 649 1088 696 commentario
1115 649 1424 696 Lectionum
1453 648 1817 706 Antiquarum:
1854 648 1950 692 Po-

356 727 547 771 stuma,
579 716 763 776 inquit,
786 717 963 774 proles
982 731 1082 762 nou
1102 730 1210 762 eum
1229 712 1508 776 signifieat,
1533 717 1626 776 qm·
1637 722 1802 774 patre
1820 728 1953 758 neor-

358 789 464 842 tuo,
485 784 577 828 sed
594 786 685 842 qm·
696 789 952 841 poserem-o
976 783 1088 828 loeo
1107 791 1262 830 natus
1281 789 1363 829 est
1372 797 1398 842 ,·
1434 783 1594 830 sicuti·
1613 781 1823 839 silvius,
1845 781 1950 841 qui,

360 849 529 898 Aenea
576 853 685 895 iam
732 863 877 909 sene,
934 852 1094 896 tardo
1151 863 1369 909 seroque
1408 856 1578 908 partu
1635 855 1715 894 est
1769 850 1951 894 editus.

362 920 407 962 6.
446 916 547 964 Sed
568 916 717 963 huius
738 915 989 964 historiae
1018 919 1282 964 auctorem
1305 915 1550 962 idoneum
1570 915 1769 961 nullum
1791 913 1954 960 nomi-

332 1003 339 1010 ·
359 985 461 1028 nat.
530 986 578 1028 7.
616 983 839 1031 Silvium
862 987 1029 1030 autem
1052 988 1169 1042 post
1187 985 1393 1028 Aeneae
1413 984 1627 1029 mortem
1643 1013 1658 1040 ,
1697 980 1854 1027 sicuti
1874 980 1954 1026 di-

355 1048 547 1105 ximus,
568 1053 743 1096 natum
768 1065 882 1097 esse
904 1050 1050 1097 multi
1075 1049 1413 1096 tradiderunt.
1483 1052 1530 1094 8.
1568 1047 1765 1094 ldcirco
1786 1047 1956 1106 Apol-

354 1116 539 1163 linaris
560 1117 823 1175 Sulpicius
854 1117 990 1164 inter
1019 1119 1220 1174 cetera,
1251 1115 1306 1162 in
1327 1116 1511 1173 quibus
1532 1114 1842 1162 Caesellium
1871 1128 1954 1160 re-

355 1183 645 1244 prehendit,
678 1184 775 1230 hoc
795 1197 993 1241 quoque
1016 1183 1131 1230 eius
1153 1184 1300 1241 quasi
1322 1189 1545 1229 erratum
1566 1180 1956 1240 animadvertit,

356 1249 649 1308 errorisque
670 1250 822 1297 istius
842 1251 975 1296 hanc
996 1264 1112 1296 esse
1133 1263 1338 1297 causam
1359 1249 1495 1296 dixit
1508 1285 1520 1308 ,
1551 1249 1688 1307 quod
1708 1247 1899 1306 scriptu
1909 1261 1954 1293 m

354 1315 427 1361 ita
444 1316 539 1362 sit:
578 1318 738 1373 Quem
760 1319 857 1363 tibi
872 1318 1139 1376 longaevo.
1211 1316 1498 1376 Longane,
1523 1315 1718 1373 inquit,
1749 1329 1854 1361 non
1873 1329 1954 1362 se-

352 1385 408 1426 m·
444 1378 782 1443 (significatio
813 1383 951 1429 enim
980 1387 1059 1429 est
1089 1385 1269 1428 contra
1297 1382 1550 1428 historiae
1571 1381 1744 1444 fidem)
1777 1382 1867 1427 sed
1901 1380 1954 1426 in

352 1447 563 1505 longum
584 1449 684 1494 iam
704 1461 886 1496 aevum
908 1451 961 1494 et
979 1451 1276 1506 perpetuum
1303 1451 1540 1507 recepto,
1570 1448 1951 1505 immortalique

353 1515 511 1561 facto.
580 1518 630 1561 9.
668 1515 917 1563 Anchises
936 1515 1091 1577 enim,
1119 1515 1206 1573 qui
1229 1515 1355 1563 haec
1375 1515 1503 1562 dicit
1523 1514 1586 1562 ad
1607 1515 1787 1575 filium,
1819 1514 1956 1562 scie-

354 1583 467 1637 bat,
504 1595 637 1637 eum,
678 1597 789 1628 cum
816 1582 1076 1628 hominum
1097 1583 1208 1629 vita
1229 1583 1578 1638 discessisset,
1615 1582 1959 1628 immortalem

354 1650 507 1704 atque
546 1648 821 1708 indigetem
853 1652 1104 1707 futurum,
1143 1653 1196 1696 et
1238 1650 1396 1709 longo
1435 1651 1786 1709 perpetuoque
1825 1661 1959 1695 aevo

354 1714 652 1771 potiturum.
736 1718 807 1761 1⁰.
828 1718 939 1762 Hoc
959 1729 1086 1763 sane
1104 1716 1430 1775 Apollinaris
1451 1720 1657 1775 argute:
1698 1714 1788 1763 sed
1809 1715 1957 1761 aliud

350 1786 521 1827 tamen
551 1786 629 1827 est
664 1783 873 1841 longum
903 1796 1108 1843 aevum,
1149 1784 1295 1829 aliud
1322 1786 1647 1842 perpetuum:
1681 1796 1850 1841 neque
1881 1782 1960 1827 dii

350 1847 596 1907 longaevi
615 1846 960 1912 appellantur,
982 1850 1073 1897 sed
1092 1850 1429 1897 immortales.

823 1971 1198 2022 CAPUT
1268 1970 1478 2024 XVII.

404 2050 905 2119 Cuiusmodi-naturam
936 2068 1025 2121 esse
1050 2058 1338 2121 qum-undam
1363 2054 1768 2121 praepositionum
1783 2053 1853 2119 M:
1879 2054 1962 2096 Εἰ-

454 2121 555 2153 cero
593 2115 1005 2155 mmadverteneae
1052 2114 1441 2167 disceptatumque
1474 2112 1539 2154 abs
1577 2124 1712 2167 super
1751 2122 1802 2152 eo
1831 2121 1960 2165 apso,

454 2168 575 2221 quod
594 2164 751 2208 Cicero
774 2167 1107 2209 observaverat.

414 2257 461 2302 1.
501 2258 785 2305 Observate
815 2258 1124 2317 curioseque
1155 2258 1518 2305 animadvertit
1535 2260 1608 2304 M.
1632 2258 1842 2305 Tullius
1855 2290 1870 2317 ,
1906 2260 1963 2304 in

346 2324 400 2368 et
434 2338 527 2369 con
566 2325 982 2382 praepositiones
1014 2325 1183 2371 verbis
1215 2330 1303 2372 aut
1332 2325 1598 2373 vocabulis
1626 2324 1963 2383 praepositas

346 2393 469 2435 tunc
498 2391 715 2448 produci
747 2394 899 2447 atque
927 2390 1202 2450 protendi,
1241 2405 1356 2438 cum
1385 2392 1572 2438 literae
1596 2395 1960 2450 sequerentur,

347 2467 476 2511 quae
496 2456 691 2513 primae
712 2462 831 2503 sunt
852 2456 906 2502 in
923 2461 1160 2517 sapiente
1180 2459 1531 2520 atquefeliee:
1563 2458 1616 2504 in
1639 2458 1760 2505 aliis
1782 2460 1964 2504 autem

350 2522 585 2567 omnibus
604 2526 842 2580 correpte
866 2524 1208 2581 pronuntiari.
1264 2528 1313 2570 2.
1339 2526 1510 2571 Verba
1531 2524 1802 2571 Ciceronis
1819 2524 1963 2570 haec

351 2589 495 2631 suut:
529 2588 669 2643 Quid
685 2602 807 2633 vero
828 2589 923 2635 hoe
942 2591 1246 2649 elegantius,
1266 2592 1404 2649 quod
1419 2588 1601 2648 nonfit
1621 2599 1841 2650 natura,
1866 2592 1970 2637 sed

352 2650 571 2708 quodam
590 2650 861 2699 instituto?
912 2656 1172 2702 indocta
1185 2670 1208 2702 s
1239 2658 1451 2703 dicimus
1481 2659 1626 2703 brevi
1638 2662 1815 2717 prima
1837 2658 1968 2701 lite-

361 2728 462 2761 ra.-
497 2718 1074 2777 insanusproducta:
1111 2723 1502 2770 inhumanus
1523 2725 1680 2784 brevi,
1707 2725 1972 2787 infelix
