2134 3091
738 245 881 290 Lm.
921 246 995 292 11.
1069 247 1228 294 GAP.
1269 249 1351 292 29.
1779 243 1852 296 73

255 364 469 420 busque,
510 360 583 407 ita
608 360 689 406 uti
709 361 951 409 videntur
971 362 1301 410 existimasse
1330 361 1670 420 antiquissimi
1693 363 1851 409 Grae-

256 443 444 484 corum,
473 429 559 485 qui
580 429 874 486 Neptunum
894 429 1206 490 ἐννοσίγαιον
1227 429 1311 475 καὶ
1340 431 1642 487 σεισίχθοινα
1671 431 1850 486 appel·

257 495 515 552 laverunt3
558 507 623 541 an
650 495 795 540 cuius
823 495 959 543 aliae
976 498 1056 543 rei
1080 510 1259 552 causa,
1298 496 1581 543 alteriusve
1611 495 1694 541 dei
1723 496 1852 542 viae

256 561 486 620 numine,
516 563 740 608 nondum
760 563 931 620 etiam,
958 564 1094 610 sicut
1115 564 1366 622 diximus,
1404 576 1498 622 pro
1521 565 1664 609 certo
1687 563 1853 608 credi-

254 633 377 675 tum.
448 633 497 674 2.
533 629 815 686 Propterea
852 633 1059 677 veteres
1095 631 1330 685 Romani,
1371 643 1484 676 cum
1521 631 1576 675 in
1615 628 1854 675 omnibus

256 695 375 741 aliis
405 694 543 740 vitae
568 695 773 751 officiis,
811 697 919 743 tum
940 697 995 742 in
1014 697 1391 745 constituendis
1409 696 1755 755 religionibus
1775 698 1854 740 at·-

256 775 353 819 que
398 761 451 806 in
498 761 598 808 diis
646 762 1019 810 immortalibus
1066 763 1538 812 animadvertendis
1577 761 1852 808 castissimi

258 828 657 887 cautissimique‚
678 829 765 874 ubi
785 832 973 876 terram
990 831 1214 878 movisse
1235 833 1519 887 senserant,
1539 830 1856 876 nuntiatum-

259 908 319 940 ve
340 899 465 950 erat,
488 897 647 941 ferias
667 895 778 942 eius
796 897 871 943 rei
895 911 1049 943 causa
1071 899 1241 944 edicto
1263 898 1607 956 imperabant3
1647 897 1738 942 sed
1769 895 1854 941 dei

258 975 460 1016 nomen,
480 962 555 1008 ita
572 962 649 1008 uti
670 963 821 1021 solet,
834 964 916 1009 cui
932 965 1126 1010 servari
1153 965 1312 1010 ferias
1330 966 1855 1022 oporteret,statuere

260 1031 313 1074 et
332 1029 533 1074 edicere
553 1029 911 1087 quiescebant3
950 1045 1036 1088 ne,
1077 1031 1236 1076 alium
1263 1045 1355 1088 pro
1385 1030 1494 1076 alio
1518 1029 1854 1082 nominando,

262 1095 393 1141 falsa
432 1095 688 1154 religione
728 1097 975 1154 populum
1012 1097 1307 1155 alligarent.
1387 1099 1434 1144 3.
1472 1097 1576 1142 Eas
1615 1095 1771 1142 ferias
1811 1095 1856 1140 si

259 1162 371 1220 quis
394 1163 691 1220 polluisset,
731 1163 1037 1220 piaculoque
1058 1167 1124 1210 ob
1144 1164 1275 1210 hanc
1293 1177 1400 1209 rem
1422 1177 1549 1220 opus
1571 1170 1732 1218 esset,
1763 1170 1856 1206 no·

260 1230 411 1276 stiam
430 1230 490 1275 Sl
533 1229 695 1281 ΒΕΘ,
714 1230 774 1275 Sl
811 1227 1358 1290 DEAElimmolabat,
1398 1229 1552 1286 idque
1580 1229 1654 1276 ita
1673 1241 1743 1277 ex
1764 1228 1855 1272 de-

260 1299 401 1342 creto
430 1295 722 1354 pontificum
746 1299 1073 1343 observatum
1093 1308 1207 1344 esse
1226 1299 1297 1342 Μ.
1320 1299 1486 1342 Varro
1509 1295 1656 1342 dicit:
1693 1307 1856 1352 quon-

258 1363 359 1408 iam
378 1365 432 1408 et
450 1375 549 1420 qua
570 1363 649 1417 vi,
689 1365 741 1408 et
769 1377 862 1421 per
894 1377 1043 1421 quem
1065 1364 1274 1410 deorum
1296 1364 1571 1409 dearumve
1594 1365 1732 1408 terra
1751 1371 1856 1406 tre-

255 1431 419 1475 meret
450 1428 699 1475 incertum
736 1436 888 1477 esset.
958 1433 1007 1475 4.
1044 1431 1148 1477 Sed
1175 1431 1236 1477 de
1267 1431 1423 1476 lunae
1455 1429 1687 1486 solisque
1716 1427 1858 1474 dese*

258 1495 517 1542 ctionibus
546 1509 651 1542 nou
680 1497 849 1543 minus
880 1497 933 1542 in
972 1497 1086 1544 eius
1115 1497 1196 1543 rei
1225 1509 1380 1544 caus-a
1409 1495 1712 1555 reperienda
1741 1507 1855 1540 sese

258 1568 620 1611 exercuerunt.
695 1567 741 1610 5.
781 1565 981 1628 Quippe
1008 1568 1080 1611 M.
1103 1567 1256 1625 Cato,
1295 1565 1378 1611 vir
1405 1564 1460 1611 in
1481 1561 1856 1623 cognoscendis

256 1632 413 1677 rebus
442 1631 591 1675 multi
622 1632 811 1688 studii,
853 1632 1053 1679 incerta
1073 1636 1242 1679 tamen
1263 1635 1315 1678 et
1333 1631 1600 1679 incuriosa
1619 1642 1775 1689 super
1795 1641 1856 1675 ea

256 1712 315 1743 re
336 1698 577 1756 opinatus
598 1701 694 1743 est.
764 1700 811 1743 6.
849 1702 889 1743 V
895 1702 1016 1747 erba
1036 1699 1250 1745 Catonis
1277 1713 1348 1747 ex
1371 1698 1644 1756 Originum
1671 1699 1856 1754 quarto

256 1765 384 1811 haec
403 1768 546 1811 sunt:
583 1766 697 1811 Non
717 1766 861 1815 lube-t
877 1769 1120 1824 scribere,
1135 1766 1270 1826 quod
1289 1769 1341 1812 in
1363 1767 1547 1811 tabula
1569 1762 1855 1824 apuchm-

257 1830 449 1889 tzsficem
479 1834 757 1879 maximum
790 1841 892 1888 est,
932 1836 1164 1893 quotiens
1197 1846 1595 1889 annonae-ara,
1624 1832 1856 1891 quotiens

252 1899 433 1945 Lunae
454 1906 549 1947 am
572 1898 708 1946 Solis
728 1899 907 1947 luminu·
923 1902 1094 1959 caligo
1119 1907 1213 1947 aut
1237 1902 1358 1961 qnid
1375 1902 1646 1946 obstiterit.
1685 1898 1734 1943 7.
1761 1898 1854 1942 Us-

254 1978 355 2023 que
384 1966 513 2013 adeo
550 1966 693 2023 parvi
722 1967 847 2014 fecit
874 1968 1109 2015 rationes
1140 1980 1288 2013 veras
1319 1966 1448 2013 solis
1477 1968 1528 2011 et
1555 1966 1712 2011 lunae
1733 1964 1855 2009 defi-

253 2032 498 2079 cientium
520 2032 605 2079 vel
629 2032 763 2081 scire
784 2034 870 2080 vel
890 2035 1080 2083 dicere.

712 2145 1080 2197 CAPUT
1150 2142 1380 2195 XXIX.

418 2224 655 2282 Apologus
674 2226 846 2283 Aesopi
860 2226 1061 2283 Phrygis
1073 2257 1086 2277 ‚
1116 2232 1372 2269 memoratu
1389 2235 1483 2267 uon
1500 2221 1688 2265 fractius.

320 2304 366 2348 1.
402 2304 637 2361 Aesopus
676 2303 769 2349 ille
810 2317 839 2349 e
867 2302 1094 2361 Phrygia
1131 2301 1392 2347 fabulator
1427 2297 1567 2344 haud
1596 2293 1856 2341 immerito

250 2369 463 2427 sapiens
484 2370 810 2416 existimatus
833 2373 939 2427 est3
970 2383 1104 2423 cum,
1124 2380 1254 2424 quae
1275 2366 1430 2412 utilia
1448 2364 1650 2411 monitu
1672 2375 1856 2409 suasu-

248 2450 351 2493 que
374 2441 547 2489 erant,
576 2450 683 2483 non
702 2450 905 2495 severe,
944 2450 1050 2482 non
1073 2433 1350 2493 imperiose
1372 2430 1640 2491 praecepit
1661 2430 1716 2474 et
1736 2441 1854 2473 cen-

246 2503 375 2555 suit,
394 2506 451 2548 ut
471 2504 796 2561 philosophis
814 2516 924 2549 mos
944 2506 1043 2559 est,
1064 2503 1154 2549 sed
1177 2500 1392 2547 festivos
1415 2496 1854 2550 delectabilesque

247 2569 507 2627 apologos
546 2574 886 2628 commentus,
925 2583 1011 2617 res
1052 2566 1334 2615 salubriter
1371 2579 1432 2612 ac
1468 2562 1854 2623 prospicienter

245 2635 636 2683 animadversas
672 2638 726 2683 in
765 2640 963 2684 mentes
1000 2636 1300 2691 animosque
1328 2630 1591 2679 hominum
1618 2642 1733 2675 cum
1761 2640 1854 2673 au-

241 2701 426 2749 diendi
448 2704 665 2759 quadam
687 2704 935 2750 illecebra
954 2704 1142 2750 induit.
1215 2704 1262 2747 2.
1300 2700 1460 2745 Velut
1485 2698 1610 2745 haec
1639 2695 1750 2741 eius
1771 2696 1851 2741 fa-

243 2769 375 2816 bula
394 2770 458 2815 de
479 2770 715 2817 aviculae
735 2772 918 2818 nidulo
938 2771 1114 2831 lepide
1135 2770 1284 2828 atque
1303 2766 1528 2816 iucunde
1541 2762 1854 2825 praemonet,
