2134 3091
737 233 899 279 LlB.
951 237 994 280 1.
1064 235 1245 281 CAP.
1308 237 1383 284 1³.
1424 235 1435 250 '
1793 231 1861 284 Ἃ

263 349 452 394 rendae
473 349 685 398 occasio
703 349 1044 396 amitteretur.
1083 353 1131 396 6.
1166 353 1351 408 Neque
1376 351 1659 398 timendum
1687 365 1865 399 exem·

263 417 405 473 plum
433 431 537 462 non
567 417 782 476 parendi
810 417 1172 472 crediderunt,
1201 417 1247 463 si
1268 417 1503 464 rationes
1531 418 1865 465 huiuscemo-

262 481 316 526 di
347 482 613 530 dumtaxat
631 496 736 530 uon
769 484 1032 530 deessentz
1080 486 1127 530 7.
1165 483 1474 542 Cumprimis
1494 487 1665 530 autem
1695 486 1863 544 respi-

261 548 501 595 ciendum
536 553 847 608 putaverunt
881 550 1143 610 ingenium
1172 554 1509 608 naturamque
1537 551 1713 604 iilius,
1742 553 1861 598 cuia

259 629 344 662 res
378 620 810 677 praeceptumque
848 620 1012 676 esset3
1041 631 1109 664 ne
1132 620 1299 672 ferox,
1323 618 1508 678 durus,
1544 617 1859 678 indomitus,

260 681 708 742 inexorabilisque
751 683 846 741 sit;
874 683 1054 741 qualia
1092 686 1305 731 suerunt
1334 683 1667 730 Postumiana
1693 684 1856 742 impe-

255 747 336 794 ria
364 752 416 795 et
433 749 716 797 Manliana.
787 753 834 796 8.
869 753 1002 796 Nam
1021 750 1069 798 si
1094 751 1190 797 tali
1218 751 1544 810 praeceptori
1578 750 1715 798 ratio
1736 751 1857 797 red-

256 815 423 861 denda
443 815 535 874 sit,
553 816 687 863 nihil
711 815 1012 864 faciendum·
1027 831 1145 864 esse
1165 823 1485 864 monuerunt
1498 818 1681 878 aliter,
1704 831 1853 875 quam

254 886 584 942 praeceptum
614 885 709 930 est.
747 887 794 930 ⁹.
831 882 1145 930 Instructius
1165 882 1609 942 deliberatiusque
1632 887 1747 931 sore
1768 897 1855 930 ar-

253 948 502 996 bitramur
521 949 918 996 theorematium
929 949 1026 996 hoc
1039 950 1103 996 de
1122 949 1378 996 mandatis
1391 950 1748 997 huiuscemodi
1764 954 1853 998 ob-

251 1015 554 1072 sequendis,
576 1015 622 1062 si
644 1016 942 1075 exemplum
957 1030 1162 1074 quoque
1183 1017 1241 1062 P.
1265 1017 1436 1063 Crassi
1458 1017 1701 1074 Mutiani,
1722 1017 1851 1062 clari

249 1095 310 1126 ac
329 1081 518 1140 inclyti
537 1081 665 1140 viri,
686 1082 1099 1141 apposuerimus.
1139 1084 1217 1128 lo.
1246 1084 1297 1127 is
1318 1083 1535 1129 Crassus
1556 1095 1587 1127 a
1612 1084 1856 1142 Sempro-

250 1146 339 1192 nio
362 1147 636 1195 Asellione
657 1150 711 1193 et
729 1147 996 1206 plerisque
1017 1148 1141 1195 aliis
1159 1147 1413 1195 historiae
1435 1150 1696 1195 Romanae
1724 1149 1853 1195 scri·

251 1213 484 1272 ptoribus
503 1213 730 1260 traditur
749 1213 976 1272 quinque
1005 1215 1249 1262 habuisse
1269 1227 1441 1262 rerum
1470 1218 1721 1263 bonarum
1744 1229 1853 1261 ma-

251 1279 394 1326 xima
413 1282 467 1327 et
486 1280 791 1341 praecipua;
814 1283 952 1339 quod
972 1285 1117 1329 esset
1136 1280 1449 1340 ditissimus,
1470 1282 1605 1339 quod
1627 1282 1852 1330 nobilis-

250 1349 431 1405 simus,
451 1348 591 1406 quod
611 1347 1099 1410 eloquentissimus,
1120 1348 1259 1408 quod
1278 1347 1851 1403 iurisconsultissimus,

249 1413 385 1472 quod
405 1415 649 1474 pontifex
692 1415 964 1462 maximus.
1031 1417 1114 1462 11.
1151 1417 1203 1464 ls
1224 1415 1401 1463 cumin
1418 1415 1691 1463 consulatu
1717 1416 1853 1463 ohti-

221 1507 223 1510 <
251 1483 401 1528 neret
417 1481 594 1529 Asiam
621 1481 963 1543 provinciam,
986 1484 1040 1529 et
1062 1481 1429 1530 circumsidere
1452 1493 1853 1542 oppugnareque.

252 1548 448 1596 laeucas
489 1544 782 1614 [oppidum]
811 1554 1038 1610 pararet,
1069 1564 1302 1610 opusque
1342 1552 1482 1599 esset
1518 1552 1661 1597 firma
1701 1553 1853 1609 atque

252 1630 469 1674 procera
483 1618 647 1673 trabe,
668 1630 770 1675 qua
785 1616 1004 1664 arietem
1017 1618 1231 1673 faceret,
1247 1628 1353 1676 quo
1370 1629 1546 1664 muros
1566 1616 1681 1679 eius
1704 1618 1855 1675 oppi-

251 1684 302 1729 di
325 1684 587 1741 quateret:
610 1683 821 1743 scripsit
849 1684 915 1730 ad
943 1684 1249 1743 magistrum
1269 1682 1603 1746 ἀρχιτέκτονα
1635 1684 1855 1731 Elaten-

249 1749 382 1796 sium
397 1750 658 1798 sociorum
679 1750 1060 1809 amicorumque
1082 1751 1266 1811 populi
1286 1750 1519 1808 Romani,
1538 1753 1597 1797 ut
1617 1764 1685 1798 ex
1702 1750 1853 1797 malis

251 1818 480 1873 duobus,
500 1830 631 1874 quos
662 1818 798 1877 apud
820 1831 912 1864 eos
943 1817 1193 1877 vidisset,
1224 1822 1343 1864 uter
1367 1818 1535 1865 maior
1564 1821 1715 1877 esset,
1737 1830 1853 1863 cum

249 1883 551 1929 mittendum
572 1888 796 1931 curaret.
845 1886 922 1931 12.
949 1886 1080 1931 Tum
1098 1884 1349 1945 magister
1364 1877 1687 1948 ἀρχιτέκτων,
1714 1898 1852 1931 com-

252 1953 422 2008 perto,
454 1950 786 2007 quamobrem
813 1950 1006 1997 malum
1037 1950 1389 2006 desideraret,
1418 1964 1551 2007 non,
1569 1950 1651 1997 uti
1682 1952 1853 1997 iussus

251 2020 388 2071 erat,
421 2016 697 2073 maiorem,
734 2018 852 2074 sed,
887 2030 1036 2074 quem
1072 2031 1189 2064 essc
1218 2017 1384 2076 magis
1416 2018 1661 2063 idoneum
1682 2017 1853 2075 aptio-

252 2094 463 2139 remque
497 2080 740 2128 t'aciendo
771 2083 956 2139 arieti,
997 2083 1391 2141 facilioremque
1422 2086 1633 2142 portatu
1662 2082 1853 2129 existi-

253 2150 444 2205 mahat,
477 2147 732 2194 minorem
757 2149 916 2195 misit.
973 2152 1050 2196 13.
1090 2151 1309 2196 crassus
1329 2162 1447 2197 euin
1466 2149 1641 2197 vocari
1665 2148 1851 2205 iussit,

252 2218 306 2261 et
327 2228 442 2260 cum
461 2212 868 2274 interrogasset,
890 2228 984 2261 cur
1004 2228 1109 2261 non
1124 2248 1137 2270 ,
1156 2224 1311 2273 quera
1338 2215 1587 2271 iusserat,
1604 2214 1852 2271 misisset,

251 2281 424 2327 causis
444 2280 838 2340 rationibusque
857 2294 984 2339 quas
1005 2281 1279 2329 dictitabat
1298 2282 1488 2342 spretis
1506 2314 1523 2342 ,
1546 2282 1851 2330 vestimenta

251 2347 451 2393 detrahi
483 2347 786 2407 imperavit,
819 2348 1085 2408 virgisque
1102 2348 1323 2396 multum
1342 2349 1561 2408 cecidit,
1594 2347 1853 2406 corrumpi

248 2418 405 2471 atque
431 2414 654 2461 dissolvi
674 2415 897 2463 officium
917 2428 1067 2461 omne
1091 2416 1393 2473 imperantis
1406 2420 1573 2476 ratus,
1590 2416 1640 2463 si
1650 2415 1767 2472 quis
1787 2414 1850 2459 ad

247 2482 300 2527 id
314 2512 329 2539 ,
345 2480 482 2538 quod
499 2481 672 2528 facere
685 2482 862 2529 iussus
873 2485 978 2539 est,
1001 2496 1105 2529 non
1118 2484 1371 2542 obsequio
1392 2482 1599 2543 debito,
1620 2482 1713 2529 scd
1730 2494 1851 2529 con-

246 2547 374 2596 silio
391 2562 498 2594 non
516 2548 816 2597 desiderato
835 2550 1167 2609 respondeat.
