2134 3091
316 209 418 260 378
815 210 1024 259 Auni
1098 210 1413 258 GELml

315 343 444 388 quae
481 329 543 375 de
574 331 752 375 nostra
772 329 1042 376 voluntate
1063 329 1347 385 nostroque
1368 325 1596 374 consilio
1620 328 1756 373 facta
1776 328 1915 379 sunt,

312 410 375 443 ea
393 397 543 443 nobis
564 398 681 455 post
710 395 967 454 incipiunt
984 395 1290 453 displicere,
1329 394 1737 451 sententiamque
1767 394 1821 439 in
1847 395 1914 439 iis

309 466 538 509 nostram
561 464 900 519 demutamus3
944 463 994 507 Ἰ.
1019 460 1274 509 neminem
1294 464 1466 506 autem
1485 463 1628 506 recte
1648 460 1724 506 ita
1742 460 1916 518 loqui:

300 532 575 591 poenitere
592 544 718 585 sese,
738 528 876 589 quod
890 534 1045 574 natus
1065 530 1154 583 sie,
1174 532 1285 574 aut:
1311 531 1598 586 poenitere,
1621 527 1761 588 quod
1777 542 1916 573 mor·

312 596 441 645 talis
471 600 556 655 sv’t,
595 599 707 643 aut:
747 600 882 655 quod
910 608 979 640 ex
1006 596 1205 656 offenso
1235 594 1382 650 forte
1401 594 1780 654 vulneratoque
1799 608 1919 639 eor-

302 678 436 724 pore
453 665 675 710 dolorem
696 662 919 707 sentiat:
947 661 1148 718 quando
1172 659 1464 706 istiusmodi
1485 674 1656 706 rerum
1675 674 1771 707 nec
1791 674 1921 705 con-

309 730 485 777 silium
516 729 585 775 sit
613 730 845 775 nostrum
862 762 875 785 ,
913 742 1007 774 nee
1027 726 1324 785 arbitrium3
1365 728 1456 773 sed
1477 742 1540 773 ea
1559 726 1800 785 ingratiis
1820 741 1918 772 no-

310 797 452 855 stris,
474 796 529 842 vi
557 809 616 842 ac
642 794 950 841 necessitate
970 798 1202 853 naturae,
1223 794 1374 838 nobis
1405 794 1666 841 accidant:
1707 794 1755 839 8.
1781 793 1919 839 sicut

309 862 503 921 hercle,
532 861 791 922 inquiunt,
819 874 922 907 non
945 860 1300 907 voluntarium
1319 860 1420 906 fuit
1436 863 1508 907 Μ.
1533 860 1734 915 Coelio,
1768 859 1917 918 quali

310 931 475 976 forma
504 931 826 987 nasceretur,
869 927 1017 974 cuius
1038 922 1154 973 eu‘m
1185 927 1318 972 dixit
1338 940 1444 973 non
1463 927 1757 985 poenitere:
1799 930 1917 973 tan-

312 1010 462 1055 quam
492 994 547 1041 in
575 1009 636 1042 ea
663 1008 817 1042 causa
845 1008 927 1040 res
948 996 1111 1054 esset,
1149 996 1209 1039 ut
1226 994 1479 1041 rationem
1500 996 1708 1053 caperet
1726 994 1913 1052 poeni-

312 1063 473 1111 tendi.
544 1067 591 1109 9.
626 1063 724 1108 Est
744 1062 871 1107 haec
891 1061 1111 1118 quidem,
1133 1073 1283 1118 quam
1303 1060 1495 1117 dicunt,
1530 1060 1673 1106 verbi
1700 1060 1915 1107 huiusce

312 1128 594 1189 sententia3
628 1132 682 1176 et
700 1130 996 1189 poenitere,
1036 1127 1139 1173 nisi
1173 1128 1227 1172 in
1259 1127 1569 1173 voluntariis
1598 1129 1770 1181 rebus,
1809 1141 1915 1174 non

312 1200 473 1256 probe
495 1196 709 1255 dicitur;
748 1195 952 1242 tametsi
982 1194 1302 1251 antiquiores
1331 1195 1490 1240 verbo
1513 1193 1629 1253 ipso
1657 1195 1762 1240 alio
1784 1208 1912 1252 quo-

315 1278 411 1323 que
430 1264 585 1311 modo
607 1263 786 1309 usitati
804 1266 949 1319 sunt3
987 1265 1039 1307 et
1048 1262 1284 1320 paenitet
1317 1262 1379 1306 ab
1399 1275 1462 1308 eo
1475 1294 1490 1317 ,
1529 1262 1664 1318 quod
1677 1265 1766 1307 est
1779 1276 1915 1321 pae-

312 1345 403 1385 ne,
440 1333 494 1377 et
524 1344 555 1376 a
580 1332 850 1389 paenuria
882 1330 1154 1375 dixerunt:
1195 1327 1282 1373 sed
1312 1327 1364 1372 id
1395 1327 1640 1374 aliorsum
1671 1327 1911 1387 pertinet,

313 1400 467 1455 atque
495 1397 603 1443 alio
633 1397 752 1443 loco
789 1396 1005 1441 dicetur.
1085 1398 1158 1441 10.
1196 1394 1346 1439 Nunc
1373 1398 1542 1440 autem
1575 1396 1670 1440 sub
1701 1395 1794 1441 bac
1828 1408 1913 1440 ea·-

315 1464 425 1509 dem
458 1463 857 1521 significatione,
896 1474 1025 1520 quae
1054 1462 1212 1519 vulgo
1246 1463 1371 1507 nota
1405 1464 1496 1517 est,
1535 1468 1640 1507 non
1659 1462 1811 1508 modo
1835 1462 1914 1507 in-

313 1535 482 1589 eptum
506 1531 605 1576 hoc
624 1543 729 1578 non
751 1534 845 1588 est,
866 1530 998 1587 quod
1018 1530 1090 1574 Μ.
1114 1527 1474 1585 Cicerodixit3
1516 1529 1606 1576 sed
1639 1528 1915 1576 festivissi-

313 1610 446 1644 mum
475 1597 604 1642 adeo
625 1600 676 1642 et
705 1595 1065 1642 facetissimum
1091 1598 1188 1641 est.
1263 1596 1340 1641 11.
1376 1597 1506 1642 Nam
1534 1609 1647 1642 eum
1669 1597 1912 1642 adversa-

310 1663 380 1710 rii
400 1665 453 1708 et
472 1665 847 1708 obtrectatores
865 1664 935 1706 M.
951 1661 1142 1716 coelii,
1161 1661 1404 1720 quoniam
1426 1667 1537 1709 erat
1556 1663 1774 1720 pulchro
1795 1675 1912 1710 cor-

313 1742 457 1789 pore,
491 1730 703 1774 formam
727 1729 841 1776 eius
862 1731 915 1774 et
936 1729 1120 1774 faciem
1141 1727 1539 1788 insuspiciones
1561 1729 1909 1787 impudicitiae

264 1839 271 1846 ,
310 1798 656 1853 accerserent,
698 1795 921 1844 illudens
952 1795 1134 1841 Cicero
1167 1798 1268 1841 tam
1298 1796 1566 1843 absurdam
1592 1797 1911 1842 criminatio-

309 1876 451 1914 nem,
490 1862 624 1920 quod
646 1863 859 1910 tonnam
873 1894 887 1921 ,
927 1875 1074 1920 quam
1095 1864 1280 1908 natura
1301 1863 1518 1918 fecerat,
1558 1863 1689 1908 vitio·
1711 1864 1909 1922 darent,

309 1931 489 1976 codem
510 1929 624 1988 ipso
644 1943 821 1976 errore
836 1964 849 1984 ‚
878 1943 1027 1987 quem
1050 1929 1322 1988 illudebat,
1354 1929 1524 1976 sciens
1544 1943 1668 1976 usus
1689 1933 1792 1976 est:
1833 1935 1884 1976 et

307 1997 423 2044 Non
437 1998 690 2057 poenitet,
714 1997 897 2054 inquit,
918 1997 990 2044 M.
1018 1995 1248 2042 Coelium
1267 2009 1367 2042 non
1389 1997 1667 2058 deformem
1685 2012 1796 2044 esse
1815 2012 1887 2044 na

310 2070 446 2111 tum.-
482 2067 541 2110 ut
563 2065 648 2111 vel
665 2065 762 2113 hac
782 2065 895 2122 ipsa
913 2077 997 2120 re,
1035 2063 1172 2121 quod
1202 2061 1274 2108 ita
1299 2063 1528 2119 dicebat,
1568 2065 1906 2121 opprobrat-et

309 2131 653 2188 adversariis,
682 2144 741 2178 ae
762 2144 853 2190 per
874 2129 1091 2176 facetias
1112 2131 1424 2184 ostentaret,
1465 2131 1636 2176 facere
1658 2141 1748 2177 eos
1771 2130 1908 2176 deri-

309 2197 561 2255 diculum,
596 2197 733 2256 quod
763 2196 974 2256 perinde
1003 2197 1186 2243 Coelio
1223 2198 1438 2243 formam
1473 2196 1675 2243 crimini
1712 2197 1907 2254 darent,

308 2264 455 2321 quasi
476 2264 746 2312 arbitrium
763 2264 875 2312 cius
901 2264 1102 2320 fuisset,
1124 2262 1267 2321 quali
1288 2265 1456 2312 forma
1473 2266 1789 2312 nasceretur.

844 2394 1211 2446 CAPUT
1281 2395 1357 2446 11.

369 2471 520 2518 Verba
536 2476 759 2532 quaedam
785 2487 843 2518 es.-
866 2473 915 2522 Q.
938 2472 1128 2518 Claudia·
1142 2470 1565 2529 amum-prim,
1595 2470 1758 2515 cursim
1776 2469 1828 2514 in
1844 2473 1906 2515 le·

415 2533 565 2585 gendo
583 2535 769 2573 notata.

407 2642 412 2650 .
459 2607 585 2652 Cum
612 2604 1018 2661 librum‚vetcris
1040 2603 1310 2663 scriptoris
1341 2604 1652 2663 legebamus,
1686 2606 1905 2650 conaba-

306 2683 421 2718 mur
440 2676 621 2730 postea
638 2672 917 2718 memoriae
938 2671 1256 2729 vegetandae
1276 2671 1445 2729 gratia
1467 2671 1710 2732 indipisci
1733 2670 1906 2717 animo

309 2749 369 2784 ac
396 2751 691 2800 recensere,
718 2749 849 2794 quae
868 2738 923 2784 in
940 2752 1003 2785 eo
1026 2738 1162 2786 libro
1183 2738 1374 2797 scripta
1393 2743 1567 2786 essent
1587 2735 1650 2784 ir}-
1662 2742 1906 2798 utrasque
