2134 3091
502 299 1572 408 EPILOGU‘S.

891 451 1174 474 a

241 472 422 566 Atqui
453 507 759 557 iucundiora
786 511 893 558 alia
919 513 1140 572 reperiri
1169 513 1377 573 queunt.
1449 513 1566 569 Ipse
1588 511 1754 556 autem
1774 509 1838 558 ad

236 574 334 620 hoc
371 575 581 633 scripsi,
624 579 679 622 ut
707 577 888 624 liberis
919 593 1124 638 quoqne
1152 581 1286 626 meis‘
1306 581 1516 637 paratae
1544 576 1840 623 istiusmodi

235 641 571 688 remissiones
594 646 785 700 essent,
809 646 1009 702 quando
1032 647 1232 692 animus
1253 659 1448 703 eorum,
1485 641 1838 690 interstitione

236 707 411 765 aliqua
439 709 765 768 negotiorum
793 711 932 762 data,
974 712 1141 758 laxari
1174 712 1536 770 indulgerique
1567 711 1838 768 potuisset.

236 775 288 823 2.
326 775 413 821 Usi
436 781 607 821 autem
630 790 803 822 sumus
826 779 1007 824 ordine
1028 792 1200 825 rerum
1223 779 1443 826 fortuito
1459 813 1470 831 ‚
1511 791 1658 834 quem
1686 780 1840 822 antea.

235 840 293 887 in
332 842 659 900 excerpendo
702 846 1001 906 tereramus.
1083 847 1214 892 Nam
1259 845 1473 904 proinde
1491 877 1504 895 ,
1564 849 1616 889 ut
1654 844 1840 888 librum

236 922 484 968 quemque
506 909 560 955 in
580 923 760 955 manus
782 923 1013 968 ceperam
1029 946 1044 973 ,
1085 926 1175 958 seu
1200 914 1444 958 Graecum
1467 924 1554 956 seu
1580 910 1837 968 Latinum,

236 976 323 1020 rel
345 976 467 1032 quid
485 979 767 1023 memoratu
790 975 997 1035 dignum
1018 980 1309 1035 audieram,
1347 978 1445 1035 ita,
1480 991 1610 1034 quae
1632 976 1838 1024 libitum

236 1044 375 1101 erat,
406 1040 553 1087 cuius
572 1042 778 1099 generis
800 1057 998 1101 cunque
1018 1051 1197 1103 erant,
1226 1043 1525 1091 indistincte
1547 1046 1698 1100 atque
1720 1057 1838 1102 pro·
1902 1101 1909 1106 θ

234 1107 428 1155 misene
450 1109 780 1157 annotabam:
818 1124 980 1168 eaque
1001 1112 1128 1158 mihi
1149 1114 1214 1159 ad
1235 1109 1517 1159 subsidium
1539 1109 1835 1168 memoriae,

236 1174 379 1234 quasi
397 1174 651 1231 quoddam
672 1175 941 1223 literarum
962 1192 1143 1237 penus.
1165 1177 1533 1231 recondebam3
1570 1177 1642 1232 ut,
1675 1189 1838 1234 qnan-

237 1241 303 1286 do
327 1253 448 1287 usus
470 1240 700 1288 venisset
720 1245 808 1288 aut
825 1243 903 1289 rei
922 1248 1011 1291 aut
1030 1247 1192 1299 verbi,
1224 1245 1371 1291 cuius
1391 1257 1470 1288 me
1492 1245 1628 1290 forte
1649 1255 1837 1301 repens

192 1365 199 1372 ·
235 1307 434 1354 oblivio
456 1307 729 1364 tenuisset,
758 1313 811 1355 et
830 1310 982 1368 libri,
1006 1326 1072 1358 ex
1094 1312 1278 1370 quibus
1300 1327 1361 1358 ea
1380 1323 1658 1356 suntseram
1675 1342 1690 1370 ,
1731 1323 1836 1355 non

233 1374 494 1432 adessent,
509 1375 663 1422 facile
682 1376 799 1424 inde
818 1378 970 1424 nobis
991 1378 1204 1426 inventu
1226 1384 1374 1437 atque
1396 1378 1660 1436 depromtu
1681 1377 1836 1423 foret.

234 1442 284 1488 3.
322 1441 480 1487 Facta
505 1442 668 1501 igitur
696 1448 773 1490 est
799 1443 854 1489 in
880 1445 961 1492 his
998 1461 1201 1506 quoque
1239 1444 1622 1494 commentariis
1657 1444 1836 1490 eadem

232 1520 402 1555 rerum
424 1508 744 1570 disparilitas
760 1545 772 1564 ,
804 1525 933 1569 quae
954 1515 1053 1560 fuit
1077 1515 1132 1561 in
1151 1513 1262 1561 illis
1281 1510 1703 1561 annotationibus
1726 1511 1835 1570 pri-

232 1575 411 1622 stinis:
451 1591 577 1635 quas
608 1578 836 1625 breviter
864 1583 915 1626 et
946 1581 1201 1643 indigeste
1230 1585 1282 1628 et
1311 1580 1580 1629 incondite
1612 1582 1836 1625 annota-

231 1642 479 1703 tionibus,
514 1640 975 1712 [tractationibus‚]
999 1650 1416 1707 lectionibusque
1448 1645 1605 1695 variis
1637 1648 1836 1693 fecem.-

230 1724 363 1756 mus.
432 1713 483 1757 4.
521 1712 621 1758 Sed
658 1713 894 1772 quoniam
918 1715 1218 1776 longinquis
1240 1730 1332 1776 per
1349 1716 1566 1763 hiemem
1595 1714 1833 1762 noctibus

231 1775 286 1822 in
308 1790 452 1835 agro,
474 1778 627 1824 sicuti
648 1780 736 1827 dix
746 1780 780 1835 ἰ,
794 1782 964 1828 terrae
977 1784 1180 1829 Atticae
1202 1782 1660 1829 commentationes
1679 1780 1834 1826 hasce

231 1842 412 1889 ludere
436 1857 494 1890 ac
516 1846 688 1892 facere
711 1847 887 1892 exorsi
911 1862 1111 1896 sumus:
1131 1850 1325 1895 idcirco
1346 1863 1433 1895 eas
1456 1846 1832 1904 inscripsimus,

233 1909 471 1953 Noctium
492 1908 781 1956 Atticarum
796 1946 808 1967 ‚
839 1912 971 1959 nihil
991 1916 1177 1960 imitati
1200 1915 1512 1961 festivitates
1535 1912 1833 1969 inscriptio-

229 1988 374 2029 num,
411 1988 533 2031 quas
566 1977 798 2035 plerique
829 1978 921 2023 alii
950 1980 1221 2039 utriusque
1243 1979 1454 2039 linguae
1476 1978 1755 2036 scriptores
1777 1978 1828 2024 in

230 2040 284 2085 id
307 2054 469 2099 genus
494 2042 641 2089 libris
665 2044 915 2089 fecerunt.
972 2050 1018 2092 5.
1048 2048 1180 2093 Nam
1199 2047 1318 2103 quia
1342 2047 1533 2091 variam
1555 2047 1607 2089 et
1624 2044 1827 2090 miscel·

231 2108 333 2153 lam
356 2110 406 2153 et
428 2108 570 2164 quasi
595 2112 961 2157 confusaneam
983 2112 1267 2159 doctrinam
1290 2110 1734 2170 conquisiverant,
1766 2124 1828 2157 eo

226 2174 413 2220 titulos
444 2188 645 2233 quoque
672 2176 737 2222 ad
766 2190 877 2223 eam
904 2179 1212 2228 sententiam
1233 2176 1672 2236 exquisitissimos
1693 2176 1832 2223 indi-

228 2241 436 2287 derunt.
508 2243 556 2286 6.
612 2244 840 2299 Namque
872 2244 966 2291 alii
992 2248 1268 2293 Musarum
1297 2246 1694 2305 inscripserunt3
1736 2244 1832 2289 alii
1928 2266 1932 2270 ·

228 2308 533 2367 Silvarvcm;
570 2307 667 2355 ille
696 2306 925 2365 Πέπλων,
977 2312 1058 2358 hic
1087 2306 1407 2369 Ἀμαλθείας
1443 2311 1648 2372 Kinna,-
1691 2311 1830 2356 alius

224 2368 429 2437 Κὴρὶα,
463 2375 647 2433 partim
668 2372 964 2437 Λειμῶνας,
993 2379 1194 2436 quidam
1216 2380 1471 2426 Lectionis
1492 2391 1653 2437 suae3
1691 2376 1829 2423 alius

224 2440 570 2502 Antiquarum
604 2442 875 2490 lectionum
886 2460 908 2503 ‚·
949 2450 1100 2503 atque
1130 2446 1263 2493 alius
1284 2440 1582 2523 Ἅνθήρῶη
1625 2446 1676 2490 et
1706 2444 1830 2491 item

226 2508 367 2555 alius
395 2501 737 2571 Εὑρημάτων.
808 2514 856 2557 ’1.
896 2513 1025 2558 Sunt
1054 2512 1238 2569 etiam,
1279 2513 1362 2572 qui
1387 2510 1622 2571 Λυχνους
1644 2510 1832 2557 inscri-

223 2578 465 2635 pserunt:
488 2581 607 2622 sunt
626 2576 767 2634 item,
787 2578 870 2635 qui
884 2577 1247 2641 quwpwteic:
1271 2583 1391 2627 sunt
1411 2577 1559 2635 aden,
1579 2578 1664 2637 qui
1680 2578 1830 2622 Har-

226 2640 420 2698 δέκτας,
432 2637 751 2697 et‘E).1-u‹3m,
771 2650 824 2691 et
843 2640 1206 2707 Προβλήματα
1218 2650 1289 2707 ,et
1302 2640 1627 2708 Ἕγχει-ρΐδιιι,
1643 2650 1694 2691 et
1707 2644 1828 2689 Πα-

225 2706 511 2774 pavendae.
580 2714 630 2757 8.
666 2711 763 2758 Est
791 2713 878 2770 qui
908 2715 1238 2765 Memoriales
1270 2714 1481 2763 titulum
1505 2712 1710 2760 fecerit:
1749 2717 1829 2758 est
