2134 3091
300 158 401 209 832
797 159 1010 206 Auni
1081 157 1396 205 GRLLH

300 278 505 334 factum,
531 274 700 321 ratum
716 288 823 323 nou
842 274 1030 321 fuisse:
1069 286 1198 332 opus
1218 274 1374 321 etiam
1394 272 1686 321 censorium
1706 272 1918 321 fecisse

304 343 647 402 existimatos,
667 356 761 401 per
780 355 911 399 quos
933 354 996 388 eo
1017 342 1250 399 tempore
1281 341 1788 389 senatusconsultum
1819 343 1916 387 fa-

308 413 441 457 ctum
458 412 613 456 esset.
686 413 735 455 9.
770 410 935 454 Docet
955 406 1140 453 deinde
1161 407 1289 453 inibi
1307 408 1488 463 multa,
1509 407 1694 464 quibus
1713 408 1916 454 diebus

304 476 483 523 haberi
500 477 734 522 senatum
754 475 835 522 ius
856 487 961 519 non
984 473 1078 521 sit:
1106 473 1476 531 immolareque
1495 474 1715 520 bostiam
1736 474 1916 531 prius,

306 542 661 602 auspicarique
700 541 911 596 debere,
948 540 1034 597 qui
1064 543 1296 586 senatum
1325 540 1594 587 habiturus
1623 542 1788 586 esset:
1843 540 1918 585 de

302 611 555 665 rebusque
587 607 779 653 divinis
807 606 950 664 prius
976 619 1127 663 quam
1153 606 1385 653 humanis
1413 608 1476 652 ad
1503 608 1735 655 senatum
1763 606 1918 651 refe·
2013 645 2033 651 ..

305 675 520 722 rendum
538 686 675 721 esse:
712 676 823 719 tum
850 685 1006 731 porro
1035 672 1223 718 referri
1245 675 1490 731 oportere
1509 676 1598 719 aut
1617 672 1819 719 infinite
1843 672 1916 717 de

306 740 599 799 republica,
630 742 719 785 aut
745 740 805 786 de
827 738 1051 797 singulis
1071 740 1226 785 rebus
1247 740 1412 787 finite:
1448 742 1758 797 senatusque
1780 750 1918 785 con-

310 809 506 854 sultum
525 806 636 852 {ieri
655 807 851 853 duo-bus
871 804 1063 862 modis3
1085 806 1173 851 aut
1189 819 1283 863 per
1303 806 1690 867 discessionem,
1711 806 1758 851 si
1779 816 1915 851 con-

310 874 615 920 sentiretur:
654 875 759 929 aut,
790 872 936 918 sires
958 870 1112 917 dubia
1130 875 1291 929 esset,
1331 886 1420 931 per
1441 872 1763 929 singulorum
1786 883 1915 916 sen-

308 940 497 987 tenties
530 939 844 996 exquisitas:
882 938 1117 996 singulos
1146 940 1315 984 autem
1341 939 1525 984 debere
1552 939 1756 985 consuli
1784 950 1912 996 gra-

310 1007 465 1053 datim
479 1036 495 1065 ,
525 1005 785 1063 incipique
814 1018 845 1051 a
870 1004 1136 1050 consulari
1157 1005 1342 1063 gradu3
1381 1018 1451 1051 ex
1469 1017 1568 1061 quo
1588 1006 1748 1064 gradu
1769 1018 1912 1050 sem-

310 1087 403 1133 per
430 1072 633 1131 quidem
663 1075 816 1119 antea
843 1070 1061 1129 primum
1089 1071 1266 1129 rogari
1293 1070 1521 1129 solitum,
1559 1072 1645 1130 qui
1665 1071 1912 1129 princeps

310 1141 365 1186 in
386 1142 619 1187 senatum
639 1140 805 1185 lectus
827 1140 986 1185 esset:
1016 1141 1128 1182 tum
1146 1139 1330 1197 autem,
1353 1152 1468 1183 cum
1488 1137 1614 1184 baec
1636 1138 1912 1199 scriberet,

310 1220 501 1253 novum
526 1220 719 1253 morem
746 1206 1038 1251 institutum
1077 1206 1266 1263 refert,
1303 1218 1398 1262 per
1426 1204 1754 1251 ambitionem
1791 1218 1912 1263 gra-

314 1273 555 1332 tiamque,
575 1276 633 1319 ut
650 1272 695 1318 is
717 1273 908 1331 primus
925 1272 1211 1329 rogaretur,
1231 1284 1379 1328 quem
1398 1284 1582 1329 rogare
1603 1272 1784 1330 venet,
1819 1271 1912 1327 qui

314 1340 521 1385 haberet
540 1342 787 1395 senatum,
808 1340 927 1395 dum
946 1338 991 1384 is
1006 1340 1176 1383 tamen
1195 1350 1260 1385 ex
1282 1338 1440 1395 gradu
1465 1338 1729 1385 consulari
1751 1340 1910 1385 esset.

319 1408 398 1451 1⁰.
434 1405 645 1453 Praeter
670 1406 795 1452 haec
833 1406 895 1451 de
922 1404 1139 1462 pignore
1167 1417 1366 1461 quoque
1395 1404 1640 1463 capiendo
1675 1403 1908 1465 disserit,

316 1472 475 1527 deque
492 1474 683 1519 mulcta
702 1472 915 1519 dicenda
935 1470 1192 1530 senatori,
1221 1471 1326 1530 qui,
1359 1483 1470 1517 cum
1492 1472 1546 1517 in
1565 1473 1798 1517 senatum
1822 1484 1909 1517 ve·-

316 1537 431 1584 nire
451 1538 673 1592 deberet,
694 1553 797 1584 non
818 1538 1037 1584 adesset.
1111 1540 1190 1584 11.
1227 1538 1370 1584 Haec
1391 1540 1444 1584 et
1463 1538 1569 1585 alia
1589 1538 1833 1596 quaedam
1854 1536 1908 1584 id

318 1617 477 1663 genus
498 1604 553 1648 in
571 1605 724 1659 libro,
745 1617 845 1662 quo
866 1617 1021 1662 supra
1041 1604 1172 1662 dixi,
1191 1607 1263 1650 Μ.
1283 1606 1449 1652 Varro
1469 1605 1694 1664 epistola
1713 1605 1778 1650 ad
1803 1607 1909 1664 Op-

316 1671 527 1729 pianum
548 1671 741 1728 scripta
758 1674 1033 1717 exsecutus
1054 1675 1149 1718 est.
1221 1674 1302 1718 12.
1338 1673 1440 1719 Sed
1459 1674 1594 1730 quod
1616 1671 1715 1730 ait,
1758 1684 1912 1719 sena·

318 1737 691 1782 tusconsultum
712 1737 905 1782 duobus
924 1738 1089 1784 modis
1109 1738 1220 1784 fieri
1249 1741 1447 1797 solere,
1486 1742 1573 1786 aut
1601 1737 1910 1796 conquisitis

318 1803 608 1860 sententiis,
638 1805 728 1848 aut
746 1817 837 1861 per
858 1803 1237 1861 discessionem,
1267 1819 1446 1864 parum
1467 1806 1744 1853 convenire
1764 1805 1908 1852 vide-

317 1873 401 1916 tur
429 1883 542 1916 cum
575 1883 663 1926 eo,
699 1870 835 1927 quod
864 1871 1063 1918 Atteius
1095 1871 1276 1929 capito
1307 1873 1360 1918 in
1390 1872 1752 1920 Coniectaneis
1780 1873 1908 1918 scri-

318 1940 460 1996 ptum
476 1935 707 1994 reliquit.
778 1937 857 1982 13.
894 1938 1023 1984 Nom
1054 1938 1110 1984 in
1127 1938 1264 1984 libro
1287 1939 1635 1986 ducentesimo
1656 1939 1910 1997 quinquen

320 2003 514 2064 gesimo
532 2015 672 2048 nono
695 2003 1019 2051 Tuberonem
1042 2005 1212 2051 dicere
1233 2005 1321 2061 ait,
1345 2007 1548 2052 nullum
1566 2008 1910 2054 senatuscon-

322 2070 513 2116 sultum
530 2069 641 2116 fieri
660 2082 833 2127 posse,
861 2084 965 2117 non
989 2071 1309 2118 discessione
1332 2075 1494 2120 facta:
1531 2073 1650 2131 quia
1671 2073 1726 2118 in
1746 2071 1909 2118 omni-

319 2139 415 2183 bus
434 2137 893 2184 senatusconsultis
907 2170 921 2196 ‚
952 2139 1106 2184 etiam
1126 2138 1182 2184 in
1208 2139 1300 2198 iis,
1339 2153 1468 2198 quae
1488 2153 1583 2197 per
1601 2139 1907 2185 relationem

320 2204 517 2258 fierent,
538 2203 783 2260 discessio
806 2208 943 2252 esset
961 2205 1276 2263 necessaria3
1315 2206 1464 2265 idque
1483 2207 1594 2264 ipse
1617 2205 1800 2264 Capito
1825 2217 1910 2250 ve-

320 2283 431 2316 rum
458 2283 569 2316 esse
598 2273 826 2318 affirmat.
894 2273 997 2318 Sed
1016 2273 1079 2318 de
1101 2271 1196 2317 hac
1217 2273 1355 2318 omni
1376 2287 1432 2319 re
1453 2273 1560 2318 alio
1581 2273 1637 2319 in
1657 2273 1776 2319 loco
1797 2272 1910 2330 ple-

319 2337 439 2384 nius
456 2336 841 2395 accuratiusque
861 2352 956 2385 nos
976 2338 1188 2384 memini
1209 2341 1456 2386 scribere.

808 2417 1174 2470 CAPUT
1244 2418 1506 2470 v111.‘

382 2485 636 2534 Quantum
654 2499 744 2528 esse
762 2485 1097 2541 dissensumque,
1118 2499 1180 2526 an
1193 2485 1472 2540 praefectus,
1485 2485 1760 2529 Latinarum
1779 2500 1910 2529 cama

436 2547 629 2590 creatus,
642 2541 709 2583 ius
723 2547 900 2583 senatus
918 2541 1206 2584 convocanda·
1223 2540 1558 2598 consulendique
1575 2542 1758 2585 habeat.

395 2599 441 2644 1,
484 2600 805 2646 Praefectum
838 2601 951 2645 urbi
982 2599 1284 2645 Latinarum
1317 2613 1472 2646 causa
1497 2601 1738 2646 relietum
1767 2613 1910 2646 sena-

326 2665 435 2710 tum
452 2665 639 2713 babere
658 2678 809 2724 posse
832 2665 1009 2712 lunius
1028 2669 1205 2724 negat:
1233 2667 1472 2725 quoniam
1491 2680 1554 2712 ne
1575 2670 1786 2714 senator
1801 2667 1910 2719 qui·-
