2134 3091
695 210 836 256 Lm.
871 212 941 257 x.
1010 210 1169 256 cAP.
1210 211 1291 256 13.
1693 206 1797 279 22⁸8

195 326 385 375 tionum
408 326 590 374 fallaci
613 326 866 373 illecebra
885 326 1221 383 sentiremus,
1260 338 1359 382 qua
1386 326 1687 385 plerumque
1708 342 1795 374 ca-

195 395 398 453 piuntur
427 396 479 439 et
504 394 566 440 ad
596 392 881 452 perniciem
901 392 1407 450 elabunturingenia
1433 393 1657 440 maxime
1690 395 1796 440 sol-

193 463 371 517 lertia3
415 473 576 517 eaque
595 459 941 517 potissimum,
961 472 1093 517 quae
1114 459 1346 507 discendi
1368 458 1639 516 cupidiora
1659 464 1794 506 sunt.

199 532 240 573 5.
265 527 364 574 Sed
385 528 544 573 redeo
566 527 630 572 ad
648 527 890 573 Plinium.
955 526 1234 572 Sinistrum
1263 526 1442 584 pedem
1460 525 1536 571 ait
1554 525 1798 572 chamoe-

199 596 377 641 leontis
413 595 554 640 ferro
587 607 654 640 ex
685 593 795 652 igni
816 593 1073 640 calefacto
1094 593 1422 649 torret-icum
1450 592 1634 651 herba,
1673 606 1802 650 quae

197 660 492 719 appellatur
512 661 694 707 eodem
713 660 922 706 nomine
943 661 1295 719 chamaeleon,
1327 663 1381 706 et
1401 663 1671 717 utrumque
1690 672 1800 705 ma-

198 728 356 774 cerari
379 731 668 786 unguento,
699 728 986 786 colligique
1007 727 1061 773 in
1080 728 1287 773 modum
1310 727 1537 786 pastilli,
1570 730 1723 783 atque
1744 725 1800 771 in

199 808 284 840 vas
301 794 439 840 mitti
459 794 707 853 ligneum,
732 798 784 840 et
804 807 938 853 eum,
969 794 1057 852 qui
1082 794 1136 839 id
1158 807 1249 841 vas
1272 796 1421 853 ferat,
1456 794 1656 841 etiamsi
1680 794 1725 839 is
1747 792 1801 839 in

198 860 362 907 medio
382 862 555 919 palam
576 864 828 919 versetur,
851 874 882 906 a
901 862 1050 907 nullo
1072 860 1243 907 videri
1264 872 1436 919 posse.
1486 864 1536 906 6.
1560 862 1653 908 His
1675 874 1799 920 por-

196 928 348 973 tentis
371 931 522 985 atque
544 927 844 986 praestigiis
858 960 871 984 ‚
911 941 942 973 a
963 926 1138 974 Plinio
1161 928 1399 973 Secundo
1420 928 1651 989 scriptis,
1692 940 1800 973 non

198 994 398 1052 dignum
435 1009 550 1041 esse
589 1006 876 1052 cognomen
904 994 1190 1039 Democriti
1227 996 1367 1051 puto.
1436 996 1484 1039 Ἰ.
1526 996 1625 1040 Vel
1664 994 1801 1041 illud

197 1058 346 1117 quale
373 1064 478 1122 est,
517 1061 652 1118 quod
683 1061 817 1105 idem
838 1060 1040 1105 Plinius
1075 1060 1129 1105 in
1158 1060 1357 1106 fleeimo
1378 1059 1513 1105 libro
1535 1060 1804 1107 Democri-

197 1132 300 1172 tum
321 1126 592 1185 scripsisse
613 1128 909 1173 asseverat?
959 1138 1081 1171 aves
1111 1127 1353 1184 quasdam
1382 1138 1495 1172 esse
1520 1127 1677 1174 certis
1708 1140 1801 1173 vo-

197 1193 418 1251 cabulis3
458 1196 510 1239 et
531 1206 704 1240 earum
725 1194 892 1239 avium
917 1193 1133 1239 confuso
1158 1192 1406 1251 sanguine
1428 1192 1573 1251 gigni
1593 1206 1803 1251 serpen-

197 1264 321 1317 tem3
363 1273 479 1306 eum
500 1261 544 1306 si
575 1261 688 1317 quis
713 1258 907 1319 ederit,
947 1259 1155 1317 linguas
1172 1259 1339 1305 avium
1363 1262 1415 1305 et
1435 1260 1699 1318 colloquia
1719 1260 1802 1305 in-

194 1329 608 1385 terpretaturum.
680 1330 728 1373 8.
765 1328 934 1372 Multa
961 1328 1133 1372 autem
1163 1324 1409 1372 videntur
1427 1328 1489 1373 ab
1507 1327 1804 1373 hominibus

193 1395 326 1440 male
367 1394 672 1440 sollertibus
709 1394 1069 1439 huiuscemodi
1106 1396 1395 1441 commenta
1432 1392 1488 1438 in
1516 1394 1800 1441 Democriti

139 1487 141 1489 ·
192 1474 380 1508 nomen
419 1462 563 1519 data,
605 1460 897 1507 nobilitatis
937 1459 1369 1518 auctoritatisque
1406 1460 1519 1507 eius
1558 1460 1800 1522 perfugio

191 1529 478 1576 utentibus.
517 1532 564 1576 9.
589 1528 689 1576 Sed
710 1527 928 1586 id,quod
953 1529 1227 1588 Archytam
1246 1524 1639 1588 Pythagoricum
1662 1541 1802 1576 com-

190 1601 418 1644 mentum
438 1611 553 1644 esse
573 1600 724 1656 atque
747 1595 934 1643 fecisse
953 1597 1205 1652 traditur,
1243 1609 1409 1654 neque
1434 1597 1607 1643 minus
1636 1597 1802 1642 aflmi-

194 1665 379 1722 rabile‚
401 1679 567 1723 neque
589 1667 759 1710 tamen
781 1677 970 1710 vanum
992 1677 1153 1722 aeque
1176 1664 1343 1710 videri
1364 1663 1527 1710 debet.
1598 1667 1728 1712 Nam
1750 1665 1805 1709 et

190 1732 426 1790 plerique
447 1732 696 1778 nobilium
709 1734 1042 1789 Graecorum,
1055 1736 1108 1778 et
1126 1731 1419 1778 Favorinus
1439 1731 1801 1791 philosophus,

191 1797 549 1845 memoriarum
581 1803 813 1845 veterum
842 1797 1367 1858 exsequentissimus‚
1408 1799 1803 1845 affirmatissime

189 1867 532 1924 scripserunt,
572 1865 906 1912 simulacrum
937 1865 1235 1920 columbae,
1274 1879 1303 1910 e
1322 1864 1467 1922 ligno
1492 1869 1553 1912 ab
1573 1865 1803 1922 Archyta

186 1932 396 1979 ratione
418 1932 631 1989 quadam
654 1931 1035 1989 disciplinaque
1059 1931 1355 1977 mechanica
1377 1933 1568 1977 factum
1581 1942 1607 1988 ,·
1624 1931 1803 1976 volas-

187 2010 272 2045 se:
313 1999 388 2042 ita
417 2001 530 2044 erat
557 1998 761 2044 scilicet
780 1997 1105 2043 libramentis
1125 1997 1447 2056 suspensum,
1476 2000 1529 2043 et
1550 2010 1675 2043 aura
1696 1996 1803 2054 spi-

188 2066 324 2113 ritus
347 2065 552 2110 inclusa
573 2067 726 2120 atque
747 2065 952 2108 occulta
985 2063 1258 2109 concitum.
1330 2065 1409 2110 1⁰.
1448 2065 1487 2108 Ῑ
1493 2065 1601 2109 ibet
1624 2062 1804 2109 hercle

189 2145 348 2189 super
366 2145 422 2178 re
441 2134 545 2177 tam
567 2130 864 2176 abhorrenti
885 2143 915 2174 a
937 2130 1089 2184 lide,
1074 2130 1238 2187 ipsius
1258 2129 1511 2176 Favorini
1533 2131 1687 2175 verba
1706 2143 1802 2207 po·

187 2211 342 2246 nere.
365 2190 609 2260 ,Ἀρχύτας
637 2195 966 2274 Ταραντῖνος,
989 2188 1327 2258 φιλόσοφος“
1296 2210 1406 2256 αμα
1424 2193 1508 2241 καὶ
1496 2188 1805 2273 μηχανικὸς

187 2264 288 2322 ὢν,
332 2263 552 2341 ἐποίησε
567 2255 872 2342 περιστερὰν
902 2259 1107 2321 ξυλίνην
1132 2261 1448 2340 πετομένην·
1486 2257 1599 2322 ἥτις
1632 2261 1802 2310 εἴποτε

187 2330 474 2390 1καθίσειεν,
497 2323 666 2376 ουκέτι
685 2323 960 2376 ανίστατο·
993 2329 1147 2393 μέχρι
1166 2321 1267 2394 γὰρ
1290 2323 1495 2376 τούτου.

685 2464 1057 2517 CAPUT
1128 2466 1309 2518 xnl.

278 2533 404 2576 Cum
426 2531 656 2588 partim
687 2533 973 2577 homiuum
999 2548 1091 2591 qua
1108 2535 1291 2578 ratione
1308 2539 1479 2577 veteres
1498 2531 1717 2576 dixerint.

265 2615 315 2659 1.
353 2613 564 2658 Partim
577 2611 832 2658 hominum
852 2617 1105 2658 venerunt
1122 2612 1423 2670 plerumque
1444 2607 1647 2667 dicitur,
1669 2607 1804 2666 quod
1885 2622 1891 2626 ·

185 2680 455 2741 significat
475 2693 610 2738 pars
632 2680 881 2726 bominum
909 2683 1073 2738 venit,
1113 2679 1167 2724 id
1197 2681 1292 2734 est,
1332 2677 1539 2738 quidam
1556 2675 1803 2722 homines.

186 2752 329 2798 Nam
342 2748 550 2809 partim
577 2747 675 2795 hoc
703 2747 757 2795 in
780 2747 900 2795 loco
929 2747 1225 2796 adverbium
1247 2749 1352 2808 est,
1392 2757 1557 2804 neque
1578 2744 1631 2791 in
1655 2753 1809 2789 casus
