2134 3091
690 225 774 275 m
794 230 849 275 B.
894 228 1087 276 xvu.
1159 232 1258 277 cs
1276 231 1332 277 Ρ.
1369 232 1451 279 12.
1773 226 1876 281 ⁸95

269 345 468 395 tentiae
488 345 850 403 Hippocratem
872 345 999 393 dicit
1020 346 1208 393 fuisse:
1244 346 1476 403 idemque
1499 360 1610 394 esse
1632 348 1874 407 opinatos

270 419 327 462 et
346 413 661 468 Philistiona
679 414 899 459 Locrum
920 416 973 459 et
992 414 1312 471 Dioxippum
1322 414 1762 472 Hippocraticum,
1783 430 1874 463 ve·

267 484 409 531 teres
428 480 658 527 medicos
678 483 729 526 et
748 480 979 527 nobiles:
1016 484 1168 539 atque
1189 481 1354 535 illam,
1387 483 1450 527 de
1467 494 1568 538 qua
1583 482 1872 531 Erasistra-

270 551 357 594 tus
379 546 593 599 dixerit,
621 542 958 607 ἐπιγλωττίδα
978 561 1084 593 non
1103 546 1302 593 idcirco
1325 548 1376 592 in
1399 560 1464 593 eo
1484 549 1602 595 loeo
1624 550 1877 597 constitu-

272 618 395 669 tam,
416 627 481 659 ne
501 613 624 671 quid
646 626 711 659 ex
735 616 859 670 potu
882 613 1123 660 influeret
1143 614 1197 660 in
1218 614 1483 673 arteriam3
1508 612 1652 676 (nam
1675 616 1878 673 pulmo-

270 681 328 727 ni
349 693 551 738 quoque
574 681 801 733 fovendo
819 680 1140 738 rigandoque
1157 680 1315 726 utiles
1335 681 1761 739 necessariosque
1779 683 1877 727 hu-

272 760 447 794 mores
470 744 689 808 videri3)
708 748 797 794 sed
817 746 1108 804 appositam
1129 748 1274 805 quasi
1303 748 1696 795 moderatricem
1716 762 1878 805 quan-

274 816 390 860 dam
410 813 755 869 arbitramque
776 814 1090 871 prohibendi
1109 814 1512 871 admiscendive,
1540 816 1676 872 quod
1701 828 1768 861 ex
1793 829 1878 861 sa-

274 880 401 927 lutis
428 892 527 927 usu
554 881 714 926 foret:
752 880 828 926 uti
859 880 1033 927 edulia
1059 880 1264 937 quidem
1293 882 1468 929 omnia
1495 881 1796 929 defenderet
1815 884 1876 928 ab

275 946 494 1004 arteria,
535 946 921 1005 depelleretque
952 946 1008 992 in
1036 948 1286 993 stomachi
1314 948 1474 1006 viam3
1511 952 1688 1007 potum
1707 952 1878 995 autem

275 1014 559 1073 partiretur
589 1013 727 1059 inter
758 1014 1078 1060 stomachum
1105 1017 1156 1061 et
1183 1016 1504 1073 pulmonem3
1543 1018 1616 1075 et,
1653 1016 1788 1072 quod
1805 1028 1878 1063 ex

276 1094 339 1127 eo
360 1079 561 1127 admitti
593 1080 647 1125 in
674 1081 965 1137 pulmonem
988 1095 1080 1139 per
1099 1082 1340 1127 arteriam
1363 1082 1585 1141 deberet,
1614 1095 1718 1128 non
1737 1082 1878 1139 rapi-

277 1148 397 1193 dum
424 1146 502 1202 id,
542 1160 706 1204 neque
736 1148 1035 1194 universum
1052 1182 1064 1201 ‚
1103 1149 1194 1195 sed
1215 1149 1428 1205 quadam
1450 1149 1600 1204 quasi
1620 1149 1766 1195 obice
1789 1162 1876 1195 su·-

276 1216 553 1262 stentatum
572 1228 632 1259 ac
663 1227 950 1271 repressum
974 1215 1166 1261 sensim
1187 1215 1540 1272 paulatimque
1560 1216 1878 1262 transmitte-

274 1283 381 1327 ret:
420 1284 574 1339 atque
608 1294 807 1327 omnem
836 1280 1092 1337 reliquum
1121 1281 1178 1327 in
1205 1282 1420 1329 alteram
1447 1283 1696 1329 stomachi
1733 1283 1878 1329 fistu-

273 1350 379 1399 lam
396 1347 673 1395 derivaret.
1173 1396 1180 1403 ,

780 1419 823 1469 C
854 1419 901 1469 A
934 1417 978 1467 P
1018 1419 1064 1470 U
1100 1419 1150 1469 T
1228 1416 1356 1469 x11

334 1482 402 1527 De
419 1482 626 1529 maceriis
644 1483 910 1540 infamibus,
932 1500 1043 1554 quas
1066 1485 1237 1529 Graeci
1252 1491 1426 1544 ἆσόξως
1445 1486 1703 1543 appellant,
1733 1500 1766 1527 a
1781 1482 1876 1527 Fa-

392 1540 550 1583 vorino
571 1540 810 1586 exercendi
822 1549 989 1598 gratus
1009 1542 1255 1600 disputatis

344 1619 393 1664 1.
429 1618 655 1666 Infames
673 1619 935 1682 materias,
956 1621 1067 1668 sive
1090 1620 1205 1678 quis
1223 1621 1423 1670 mavult
1442 1619 1616 1666 dicere
1635 1617 1878 1676 inopina-

272 1683 436 1743 biles,
474 1698 598 1742 quas
623 1686 805 1732 Graeci
834 1680 1052 1740 ἀδόξους
1077 1685 1187 1746 [καὶ
1217 1681 1462 1751 ἀτόπους]
1488 1681 1766 1738 ὑποθέσεις
1785 1698 1876 1742 ap-

273 1752 493 1812 pellant,
515 1755 566 1797 et
585 1756 790 1799 veteres
810 1755 983 1802 adorti
1003 1757 1142 1814 sunt,
1161 1769 1266 1802 non
1288 1755 1552 1813 sophistae
1575 1754 1759 1813 solum,
1786 1751 1876 1797 sed

272 1819 572 1880 philosophi
591 1832 819 1876 quoque:
849 1825 901 1866 et
922 1826 1100 1868 noster
1117 1819 1409 1868 Favorinus
1430 1821 1618 1878 oppido
1639 1833 1786 1876 quam
1807 1817 1875 1864 li-

272 1890 398 1934 bens
418 1885 475 1932 in
494 1899 582 1932 eas
600 1887 845 1932 materias
864 1888 1086 1944 dicebat,
1114 1888 1196 1934 vel
1221 1887 1432 1946 ingenio
1453 1901 1518 1934 ex
1527 1884 1874 1943 pergilicando

272 1956 413 2000 ratus
443 1953 685 2014 idoneas,
724 1953 811 1999 vel
840 1953 1150 2000 exercendis
1181 1954 1430 2011 argutiis,
1467 1953 1552 1999 vel
1572 1950 1874 1998 edomandis

270 2033 369 2066 usu
409 2019 795 2078 difficultatibus
817 2031 829 2062 ε
900 2022 948 2064 2.
992 2019 1178 2073 sicuti,
1223 2033 1337 2066 cum
1377 2017 1648 2065 Thersitae
1687 2016 1874 2062 laudes

271 2086 543 2146 quaesivit,
557 2089 626 2146 et,
640 2100 751 2133 cum
775 2087 955 2134 febrim
972 2085 1173 2144 quartia
1192 2085 1370 2131 diebus
1387 2085 1738 2130 recurrentem
1756 2083 1874 2131 lau-

272 2154 437 2212 davit,
478 2154 653 2212 lepida
688 2166 811 2200 sane
850 2154 1043 2212 multa,
1092 2155 1146 2197 et
1177 2165 1283 2198 non
1319 2151 1500 2202 facilia
1535 2149 1778 2208 inventu,
1817 2149 1874 2194 in

269 2223 536 2278 utramque
568 2233 771 2266 causam
800 2220 961 2274 dixit,
1002 2232 1164 2276 eaque
1183 2219 1377 2275 scripta
1397 2217 1450 2264 in
1473 2215 1624 2264 libris
1643 2215 1872 2274 reliquit.

272 2289 317 2334 3.
355 2287 456 2334 Sed
495 2286 552 2334 in
579 2286 740 2335 febris
769 2286 1011 2333 laudibus
1039 2287 1228 2332 testem
1257 2285 1412 2332 etiam
1442 2284 1713 2329 Platonem
1749 2295 1872 2340 pro-

272 2353 451 2412 duxit,
490 2366 640 2410 quem
668 2351 941 2411 scripsisse
974 2353 1072 2397 ait:
1093 2351 1196 2410 .qui
1213 2353 1512 2409 quartanam
1541 2360 1725 2407 passus
1745 2362 1871 2395 con-

269 2418 521 2476 valuerit,
557 2419 793 2476 viresque
819 2419 1047 2477 integras
1072 2418 1486 2476 recuperaverit5
1524 2415 1728 2462 fidelius
1747 2428 1874 2462 con-

270 2484 593 2542 stantiusque
628 2489 812 2542 postea
852 2486 1150 2531 valiturum·
1221 2488 1386 2542 Atque
1425 2483 1556 2530 inibi
1595 2483 1654 2529 in
1689 2482 1873 2529 iisdem

270 2551 511 2598 laudibus
540 2564 643 2596 non
664 2551 837 2598 hercle
856 2551 953 2598 hac
972 2551 1288 2601 sententiola
1308 2552 1582 2599 invenuste
1603 2549 1752 2596 lusit.
1819 2549 1870 2594 4.

267 2620 477 2673 Versus,
498 2616 782 2676 inquit,‚est
803 2619 962 2678 longo
984 2618 1250 2666 hominum
1269 2631 1398 2666 aevo
1418 2618 1688 2677 probatusz

325 2679 531 2729 Ἄλλοτε
552 2678 779 2744 μητρυιὴ
799 2683 937 2730 πέλει
954 2679 1136 2749 ἡμέρη,
1159 2681 1340 2731 ἄλλοτε
1359 2683 1552 2747 μήτηρ.

268 2753 348 2800 Eo
372 2763 527 2799 versu
547 2750 883 2814 significatur,
903 2751 1174 2801 uon-omni
1191 2753 1274 2802 die
1295 2757 1426 2804 bene
1447 2765 1560 2800 esse
1580 2763 1750 2811 posse,
1779 2749 1875 2796 sed
