2134 3091
623 215 773 261 1218.
810 214 972 262 XIV.
1043 216 1202 261 cAP.
1245 218 1288 262 1.
1633 214 1766 267 -319

170 336 382 391 minum,
420 332 509 390 qui
543 336 662 392 post
690 334 995 388 nascentur,
1030 331 1274 379 exordia:
1310 332 1617 391 imparilitas
1637 336 1764 384 baec

170 403 337 447 turbat
368 401 813 458 observationem,
852 399 1120 455 omnisque
1145 399 1281 445 ratio
1311 400 1617 459 disciplinae
1638 416 1763 449 con-

172 467 422 515 funditur.
492 470 575 514 23.
612 469 720 513 lam
749 480 875 513 vero
908 466 961 511 id
986 466 1194 513 minime
1225 468 1488 513 ferendum
1509 482 1623 515 esse
1643 484 1764 516 cen-

172 536 333 594 sebat,
372 535 509 593 quod
528 547 634 580 non
662 534 815 580 modo
846 545 995 579 casus
1014 534 1069 579 et
1090 536 1302 588 eventa,
1343 547 1469 591 quae
1496 536 1766 582 evenirent

173 601 512 657 extrinsecus,
538 601 627 647 sed
650 600 875 648 consilia
894 613 1095 658 quoqne
1114 599 1374 646 hominum
1394 601 1527 659 ipsa,
1554 604 1608 648 et
1626 603 1765 649 arbi-

172 669 291 726 tria,
328 671 381 715 et
399 669 570 715 varias
600 669 893 715 voluntates
914 666 1361 725 appetitionesque
1381 672 1433 714 et
1453 668 1764 716 declinatio-

170 750 261 782 nes
276 766 291 793 ,
332 737 385 781 ct
404 734 653 782 fortuitos
680 734 1082 792 repentinosque
1101 734 1155 779 in
1174 734 1456 781 levissimis
1476 727 1628 782 re'bus
1649 737 1766 783 ani·-

170 815 364 849 morum
384 802 605 860 impetus
626 812 983 859 recessusque,
1010 800 1212 847 moveri
1233 801 1520 860 agitarique
1543 804 1766 862 desuper

171 884 201 915 e
220 869 365 915 coelo
386 871 651 927 putarent:
688 873 925 924 tauquam
952 868 1089 926 quod
1110 868 1247 914 forte
1267 868 1344 915 ire
1365 869 1421 915 in
1439 870 1649 916 balneas
1669 884 1766 917 vo-

172 935 346 995 lueris,
368 949 428 982 ac
448 934 633 983 deinde
649 933 902 989 nolueris,
914 938 1067 991 atque
1086 934 1139 980 id
1160 948 1360 981 rursum
1382 936 1632 997 volueris,
1653 951 1760 984 non

170 1017 236 1050 ex
264 1003 437 1060 aliqua
464 1002 659 1060 dispari
690 1000 933 1058 variaque
952 1000 1114 1047 animi
1131 1001 1433 1061 agitatione,
1466 1004 1556 1049 sed
1579 1016 1646 1051 cx
1667 1018 1762 1050 nc-

168 1068 393 1115 cessaria
412 1068 626 1126 quadam
654 1068 939 1115 errantium
960 1067 1184 1113 siderum
1203 1070 1618 1127 reciprocatione
1639 1084 1764 1116 con-

169 1136 371 1195 tigeritz
412 1139 468 1181 nt
486 1136 639 1194 plane
658 1134 893 1181 homines
910 1148 1033 1189 non,
1054 1135 1192 1191 quod
1213 1134 1420 1189 dicitur,
1441 1130 1620 1196 λογικὰ
1643 1132 1766 1193 ζῶα,

170 1203 257 1250 sed
293 1202 493 1249 ludicra
522 1204 574 1248 et
601 1202 817 1249 ridenda
840 1202 1088 1259 quaedam
1115 1196 1464 1256 νευρόσπαστα
1485 1216 1598 1248 esse
1618 1203 1765 1249 vide-

168 1272 334 1327 antur,
356 1270 402 1315 si
418 1268 553 1315 nihil
573 1282 665 1315 sna
683 1270 886 1327 sponte,
904 1267 1037 1313 nihil
1060 1266 1314 1314 arbitratu
1335 1282 1429 1314 suo
1449 1270 1661 1326 faciunt,
1673 1270 1763 1316 sed

168 1335 469 1383 ducentibus
488 1336 659 1382 stellis
678 1340 731 1381 et
748 1334 1122 1393 aurigantibus.
1157 1336 1240 1381 24.
1264 1336 1339 1381 Ac
1357 1335 1420 1393 si,
1443 1336 1624 1395 inquit,
1647 1340 1764 1396 pot-

171 1405 308 1451 uisse
328 1403 557 1460 praedici
578 1405 856 1457 affirmant,
877 1402 1173 1461 Pyrrhusne
1193 1414 1316 1459 rex,
1341 1416 1405 1448 an
1427 1403 1633 1449 Manius
1657 1405 1762 1449 Cu-

168 1470 278 1517 rius
296 1470 499 1528 proelio
519 1470 750 1516 victurus
776 1472 933 1515 essct:
961 1482 1051 1515 cur
1069 1468 1272 1515 tandem
1293 1482 1399 1515 non
1419 1470 1480 1517 de
1499 1470 1616 1516 alea
1633 1483 1764 1528 quo-

165 1551 264 1596 quc
280 1569 296 1592 ‚
335 1549 395 1584 ac
423 1537 485 1584 de
512 1536 729 1584 calculis
750 1540 801 1583 et
821 1536 1031 1583 alveolo
1053 1535 1278 1582 audeant
1295 1536 1485 1594 dicere,
1526 1536 1761 1596 quisnam

164 1605 239 1652 ibi
260 1604 547 1650 ludentium
568 1605 778 1651 vincat?
846 1606 927 1649 An
948 1603 1196 1650 videlicet
1213 1617 1396 1663 magna
1415 1604 1611 1662 sciunt,
1640 1619 1760 1664 par·

166 1685 231 1719 va
248 1671 513 1719 nesciunt:
562 1674 616 1719 et
642 1671 845 1717 minora
870 1670 1156 1718 maioribus
1184 1669 1578 1730 imperceptiora
1606 1675 1761 1720 sunt?

161 1741 245 1786 25.
282 1739 383 1785 Sed
403 1739 448 1784 si
464 1737 842 1797 magnitudines
860 1751 1033 1784 rerum
1053 1737 1156 1784 sibi
1178 1737 1461 1798 vindicant,
1493 1740 1758 1798 magisque

162 1818 279 1853 esse
309 1805 637 1864 perspicuas,
675 1808 729 1851 et
755 1804 963 1851 facilius
998 1804 1359 1862 comprehendi
1388 1819 1538 1863 posse
1559 1807 1758 1852 dicunt:

161 1871 321 1928 Volo,
342 1871 527 1929 inquit,
554 1871 681 1918 mibi
699 1872 1066 1931 respondeant,
1099 1870 1222 1929 quid
1243 1871 1298 1916 in
1319 1873 1412 1916 hac
1431 1873 1592 1918 totius
1613 1886 1758 1918 mun-

161 1938 216 1985 di
238 1938 692 1996 contemplatione,
722 1938 1035 1997 praestantis
1054 1941 1268 1983 naturae
1287 1937 1545 1996 operibus,
1580 1938 1633 1982 in
1652 1942 1757 1985 tam

158 2004 339 2065 parvis
381 2007 533 2063 atquc
577 2006 819 2052 brevibus
866 2003 1096 2061 negotiis
1134 2004 1457 2060 fortunisque
1493 2004 1758 2050 hominum

160 2084 401 2130 magnum
432 2074 640 2130 putenti
709 2073 791 2118 26.
829 2072 997 2127 Atque
1022 2069 1077 2116 id
1106 2069 1262 2114 velim
1282 2070 1457 2124 etiam,
1489 2070 1672 2127 inquit,
1697 2075 1756 2117 ut

160 2137 529 2196 respondeant:
571 2138 618 2184 si
646 2141 749 2184 tam
778 2150 991 2196 parvum
1010 2138 1161 2193 atque
1179 2134 1411 2192 rapidum
1433 2139 1513 2182 est
1529 2151 1758 2184 momen-

160 2209 265 2251 tum
288 2204 561 2263 temporis,
595 2205 648 2250 in
666 2217 769 2262 quo
790 2205 943 2250 homo
957 2213 1179 2248 nascens
1199 2203 1358 2256 sanun
1380 2203 1588 2261 accipit,
1625 2207 1680 2249 ut
1704 2204 1756 2250 in

158 2273 347 2321 eodem
364 2272 461 2318 illo
482 2277 691 2329 puncto,
705 2274 798 2320 snb
818 2269 997 2316 eodem
1017 2268 1214 2315 circulo
1235 2269 1386 2323 coeli,
1407 2270 1583 2328 piures
1601 2269 1756 2317 simul

155 2339 221 2384 ad
242 2339 457 2386 eandem
482 2338 875 2395 competentiam
894 2335 1036 2382 nasci
1056 2348 1162 2381 non
1183 2339 1394 2392 queant:
1425 2338 1476 2382 et
1496 2337 1542 2383 si
1563 2336 1755 2383 idcirco

153 2403 353 2464 gemini
371 2418 570 2462 quoque
588 2417 693 2450 non
712 2405 889 2451 cadem
909 2404 1049 2449 vitae
1069 2405 1210 2449 sorte
1227 2407 1363 2461 sunt,
1387 2403 1624 2460 quoniam
1650 2416 1755 2450 non

152 2472 341 2518 eodem
359 2471 607 2531 temporis
625 2474 813 2531 puncto
836 2469 965 2516 editi
984 2473 1126 2526 sunt3
1167 2471 1308 2528 peto,
1331 2469 1516 2528 inquit,
1536 2483 1756 2528 respon-

151 2539 335 2598 deant,
357 2552 561 2586 cursum
582 2538 731 2584 illum
747 2536 995 2594 temporis
1014 2537 1417 2593 transvolantis,
1447 2536 1532 2594 qui
1555 2537 1642 2582 vix
1665 2550 1757 2583 co-

146 2606 418 2665 gitatione
449 2605 607 2652 animi
634 2602 995 2662 comprehendi
1025 2606 1223 2665 potest,
1253 2616 1471 2659 quonam
1492 2607 1643 2661 pacto
1667 2608 1758 2650 aut

148 2673 403 2721 consulto
430 2672 636 2729 assequi
666 2674 880 2729 queant,
924 2673 1015 2716 aut
1041 2669 1143 2728 ipsi
1170 2670 1462 2730 perspicere
1491 2675 1543 2716 et
1571 2671 1756 2730 depre-

142 2741 413 2789 hendere:
454 2753 567 2785 cum
588 2737 643 2784 in
662 2741 763 2785 tam
786 2736 1059 2798 praecipiti
1081 2737 1278 2785 dierum
1294 2737 1620 2798 noctiumque
1642 2752 1757 2786 ver-
