2134 3091
353 189 456 241 244
855 192 1069 238 AULI
1140 190 1460 237 GELLM

351 322 538 369 parvas
560 305 762 366 quidem
781 308 1129 367 minutasque,
1164 295 1223 354 'et
1240 308 1531 353 hominibus
1556 320 1663 352 non
1681 307 1811 351 bene
1835 320 1965 353 eru-

355 376 478 422 ditis
507 374 884 433 aspernabiles‚
925 375 1013 420 sed
1049 374 1115 419 ad
1143 378 1372 420 veterum
1403 374 1597 431 scripta
1628 372 1830 431 penitus
1860 386 1965 417 no-

355 444 542 493 scenda
571 444 624 487 et
653 440 716 487 ad
737 440 1006 487 seientiam
1034 440 1244 499 linguae
1276 442 1491 486 Latinae
1532 440 1826 499 cumprimis
1866 454 1964 485 ne-

355 508 630 557 cessarias:
663 508 808 553 velut
827 510 922 565 est,
945 507 1081 565 quod
1100 508 1237 553 forte
1258 520 1420 565 nuper
1441 507 1494 551 in
1516 504 1856 552 Praenestino
1876 520 1963 552 re-

353 589 518 635 cessu,
551 574 845 631 vespertina
864 574 1239 629 ambulatione,
1267 573 1409 621 solus
1432 574 1697 618 ambulans
1720 572 1964 618 conside-

352 648 550 691 rabam:
590 640 758 698 qualis
790 644 1081 698 quantaque
1100 645 1236 687 esset
1258 640 1624 699 particularum
1644 641 1964 698 quarundam

352 710 410 757 in
430 709 669 756 oratione
688 707 874 754 Latina
894 707 1138 753 varietas.
1184 707 1337 762 Quod
1356 720 1518 765 genus
1540 711 1619 752 est
1638 706 1965 765 praepositio

345 792 474 839 pro.
548 779 596 820 2.
634 772 806 821 Aliter
833 774 971 820 enim
1003 773 1105 821 dici
1136 775 1392 822 videbam:
1426 770 1702 832 pontifices
1726 787 1828 831 pro
1852 776 1965 821 col-

356 845 488 904 legio
521 842 838 889 decrevisse:
879 841 1062 888 alitere
1102 845 1387 901 qnempe'am
1412 847 1587 888 testem
1608 842 1965 886 introductum

348 926 455 971 pro
480 910 762 957 testimonio
783 909 1005 955 dixisse:
1055 909 1210 955 aliter
1240 911 1309 954 Μ.
1335 910 1580 953 Catonem
1612 908 1666 953 in
1688 907 1965 965 Originum

356 980 565 1036 quarto:
596 977 856 1036 proelium
875 974 1121 1037 factum,
1160 979 1601 1036 depugnatum-que
1625 989 1728 1033 pro
1764 980 1965 1023 castris

358 1043 652 1102 scripsisse:
693 1048 745 1091 et
771 1043 893 1089 item
926 1044 979 1088 in
1013 1044 1220 1100 quinto:
1255 1044 1436 1101 urbes,
1466 1042 1766 1101 insulasque
1788 1054 1963 1089 ontnes

348 1126 454 1172 pro
485 1126 612 1171 agro
637 1111 824 1171 Illyrio
855 1124 995 1157 esse:
1036 1110 1196 1155 aliter
1223 1109 1377 1156 etiam
1406 1109 1537 1155 dici:
1577 1122 1677 1170 pro
1700 1108 1828 1154 aede
1852 1114 1964 1154 Ca-

356 1182 541 1226 storis:
582 1176 760 1224 aliter:
797 1191 900 1236 pro
931 1180 1149 1223 rostris:
1188 1176 1367 1223 aliter:
1401 1191 1505 1236 pro
1535 1176 1817 1223 trib-unali:
1860 1174 1965 1221 ali-

355 1248 460 1291 ter:
497 1259 598 1305 pro
637 1247 904 1292 cendone.-
942 1246 1097 1302 atque
1132 1244 1310 1289 aliter:
1364 1244 1621 1289 tribunum
1660 1244 1831 1303 plebis
1856 1256 1962 1303 pro

347 1320 618 1373 potestate
636 1314 1006 1359 intercessisse.
1065 1314 1111 1357 3.
1142 1311 1244 1357 Sed
1266 1312 1355 1357 bas
1378 1324 1562 1357 omnes·
1578 1310 1852 1370 dictiones,
1874 1309 1966 1367 qui

355 1384 445 1425 aut
473 1378 682 1426 omnino
714 1377 912 1425 similes
941 1381 994 1426 et
1019 1391 1194 1440 pares,
1234 1380 1324 1423 aut
1340 1382 1705 1436 usquequaque
1729 1377 1963 1422 diversas

357 1446 703 1505 existimaret,
746 1459 918 1493 errare
949 1446 1253 1492 arbitrabar.
1335 1446 1464 1491 Nam
1486 1444 1787 1490 varietatem
1810 1442 1963 1489 istam

357 1514 582 1558 eiusdem
605 1512 806 1572 quidem
830 1512 989 1559 fontis
1009 1516 1059 1558 et
1080 1512 1282 1571 capitis,
1302 1524 1409 1558 non
1431 1511 1659 1558 eiusdem
1682 1516 1849 1557 tamen
1872 1524 1956 1556 es·

358 1592 414 1624 se
438 1579 550 1624 finis
571 1580 826 1636 putabam.
899 1582 946 1624 4.
987 1579 1138 1632 Quod
1161 1581 1395 1637 profecto
1419 1578 1575 1624 facile
1596 1579 1877 1636 intelliget,
1912 1579 1958 1624 si

359 1645 474 1702 quis
495 1645 736 1691 adhibeat
755 1647 818 1690 ad
837 1645 1225 1692 meditationem
1248 1659 1387 1691 suam
1410 1645 1769 1698 intentionem,
1802 1650 1851 1691 et
1872 1645 1964 1690 ha·-

359 1713 480 1758 beat
511 1711 702 1760 veteris
725 1712 980 1758 orationis
1000 1725 1149 1758 usum
1172 1717 1322 1771 atque
1342 1712 1583 1759 notitiam
1605 1712 1959 1759 celebriorem.

893 1831 1261 1884 CAPUT
1334 1832 1434 1884 lv.

444 1899 581 1946 Quem
599 1899 648 1940 in
665 1911 738 1941 mo
745 1901 848 1942 cenem
871 1899 918 1946 Q.
937 1898 1110 1942 Ennius
1127 1913 1275 1942 vernes
1294 1899 1526 1956 Euripidis
1546 1902 1797 1944 amaeeatm
1813 1899 1887 1943 sit.

430 1976 474 2019 1.
514 1974 783 2032 Euripidis
806 1987 984 2020 versus
1005 1978 1126 2021 sunt
1146 1975 1197 2020 in
1220 1979 1449 2031 Hecuba,
1477 1977 1665 2034 verbis,
1688 1977 1963 2036 sententia,

360 2041 615 2087 brevitate
645 2041 875 2100 insignes
909 2042 1259 2101 illustresque.
1330 2046 1379 2089 2.
1416 2045 1630 2092 Hecuba
1660 2046 1739 2090 est
1767 2044 1829 2089 ad
1849 2044 1965 2089 Uli-

358 2120 478 2156 xem
499 2107 696 2154 dicens:

433 2167 506 2220 Τὸ
530 2169 584 2218 δ’
611 2169 826 2253 αξίωμα,
849 2171 1129 2229 κανκακιῗίς
1149 2173 1283 2255 λε’γη,
1303 2169 1365 2223 τὸ
1388 2189 1433 2222 σ-
1432 2171 1496 2233 “ν,

429 2239 596 2318 Νικᾷ·
634 2235 789 2318 λόγος
803 2239 903 2320 γὰρ
927 2242 978 2290 ἔκ
999 2260 1032 2289 τ
1036 2225 1404 2296 ’ἀδοξούντων
1424 2211 1515 2290 loi'v
1518 2278 1531 2303 ,

426 2299 570 2352 Kcin’
596 2305 702 2354 τῶν
723 2304 1028 2371 δοκούντων,
1049 2303 1207 2362 αυτὸς
1227 2303 1286 2356 οὐ
1308 2303 1501 2356 ταυτὸν
1523 2309 1717 2358 σθένει.

362 2377 410 2420 3.
448 2375 556 2421 Hos
578 2389 760 2424 versus
782 2378 846 2432 Q.
866 2377 1086 2439 Ennius,
1117 2391 1230 2424 eum
1249 2389 1358 2424 eam
1380 2378 1701 2436 tragoediam
1720 2379 1965 2434 verteret,

360 2454 464 2486 non
506 2455 630 2489 sane
669 2444 989 2491 incommode
1031 2445 1321 2491 aemulatus
1366 2448 1461 2490 est.
1534 2447 1723 2491 Versus
1750 2445 1964 2492 totidem

362 2509 592 2554 Enniani
612 2511 665 2555 hi
687 2515 828 2556 sunt:

430 2577 580 2623 Haec
601 2581 810 2625 tametsi
821 2592 1072 2638 perverse
1096 2580 1258 2632 dt‘,ees
1276 2578 1454 2639 facile
1478 2577 1699 2626 Achivos
1710 2579 1791 2640 fle
1794 2581 1969 2627 ,⁶:rer28

432 2643 564 2689 Nam
595 2661 710 2692 eum
743 2646 978 2704 opulenti
993 2647 1273 2704 loquuntur
1291 2647 1507 2704 pariter
1528 2651 1683 2705 atque
1704 2647 1971 2706 ignobiles,

433 2709 629 2759 Eadem
650 2713 810 2776 decta,
824 2713 1104 2770 eademque
1126 2713 1301 2759 oratio
1326 2726 1495 2772 aequa
1517 2726 1617 2762 non
1636 2727 1797 2775 aeque
1813 2705 1973 2760 ναῖε-ί.
