2134 3091
269 167 301 216 s
439 223 442 226 ,
555 133 568 146 ’
769 164 1375 213 numanam:

805 279 1171 330 oAPu'r
1241 279 1321 332 11.

332 361 402 404 Ab
419 362 597 404 Herode
615 361 774 406 Attico
796 363 861 405 CI.
893 363 943 407 7.
967 363 1239 419 tempestive
1270 365 1517 418 depromta
1548 364 1601 408 s’n
1632 367 1860 420 quendam

385 418 720 460 iactabundecm
740 423 785 460 et
799 418 1062 472 gloriosam
1092 419 1430 461 adolescentem
1444 447 1458 466 ,
1496 420 1648 474 specis
1672 425 1862 462 tantum

384 471 718 529 philosophiae
736 479 1034 522 sectatorem,
1067 472 1213 516 verba
1230 473 1447 528 Epicteti
1466 474 1624 517 Stoici
1641 503 1655 524 ,
1690 475 1862 530 quibus

375 527 626 584 festiviter
646 543 678 568 a
697 541 806 571 vero
826 527 986 572 Stoico
1005 527 1222 571 seiunxit
1239 530 1411 582 vulgus
1430 529 1699 584 loquacium
1719 529 1863 574 nebu-

386 586 560 634 Ionum,
580 583 664 638 qui
681 595 728 625 se
747 583 932 626 Stoicus
951 587 1298 639 nuncuparent.

380 679 424 722 1.
446 675 678 722 Herodes
703 672 925 730 Atticus,
949 673 1032 722 vir
1050 677 1105 720 et
1124 675 1323 720 Graeca
1344 675 1581 722 facundia
1602 679 1655 724 et
1672 690 1859 724 consu-

277 743 377 788 lari
395 744 594 789 honore
619 741 908 799 praeditus,
939 743 1233 788 accersebat
1262 754 1414 799 saepe
1434 756 1531 788 nos
1550 773 1565 797 ,
1597 756 1708 788 cum
1728 744 1861 800 apud

274 809 548 868 magistros
571 807 784 854 Athenis
803 820 1030 853 essemus
1047 842 1060 866 ,
1090 807 1147 853 in
1170 808 1326 854 villas
1361 809 1409 854 ei
1441 808 1556 854 urbi
1578 809 1860 868 proximas,

275 890 354 921 me
378 878 432 922 et
455 876 533 921 cl.
548 875 609 918 V.
625 873 992 928 Servilianum,
1013 874 1403 932 compluresque
1424 874 1561 921 alios
1582 877 1861 930 nostrates,

277 943 361 999 qui
403 944 566 988 Roma
605 941 654 986 in
693 939 960 986 Graeciam
1001 940 1064 985 ad
1104 940 1407 998 capiendum
1438 941 1639 999 ingenii
1670 941 1860 987 cultum

277 1011 659 1054 concesserant.
731 1010 780 1052 2.
817 1007 984 1063 Atque
1014 1006 1087 1052 ibi
1118 1011 1267 1062 tunc,
1311 1021 1423 1052 cum
1460 1021 1691 1054 essemus
1723 1008 1857 1066 apud

275 1089 389 1122 eum
413 1075 466 1120 in
492 1075 648 1130 villa,
681 1073 763 1119 cui
785 1087 971 1119 nomen
997 1077 1077 1119 est
1096 1073 1365 1131 Cephisia,
1400 1076 1455 1120 et
1484 1077 1628 1121 aestu
1658 1074 1779 1120 anni
1806 1080 1860 1119 et

273 1142 443 1188 sidere
483 1141 713 1187 autumni
745 1139 1175 1198 flagrantissimo,
1214 1141 1633 1199 propulsabamus
1663 1141 1856 1186 caloris

271 1207 595 1254 incommoda
616 1208 848 1258 lucorum
876 1209 1054 1253 umbra
1078 1206 1387 1264 ingentium,
1429 1208 1601 1266 longis
1626 1207 1857 1253 ambula-

273 1275 374 1320 cris
395 1277 447 1320 et
465 1274 726 1328 mollibus,
747 1273 945 1318 aedium
969 1273 1140 1330 positu
1162 1273 1510 1331 refrigeranti,
1530 1272 1753 1319 lavacris
1778 1274 1857 1318 ni-

273 1341 394 1387 tidis
419 1343 470 1386 et
490 1340 704 1386 abundis
723 1341 777 1385 et
796 1339 1170 1388 collucentibus
1184 1374 1197 1396 ‚
1232 1340 1489 1398 totiusque
1514 1340 1675 1386 villae
1696 1353 1855 1386 venu-

273 1411 402 1454 state
441 1407 586 1464 aquis
620 1406 842 1463 undique
883 1407 1089 1454 canoris
1126 1411 1276 1464 atque
1306 1407 1485 1452 avibus
1526 1408 1855 1464 personante.

273 1478 320 1520 3.
359 1475 490 1520 Erat
511 1473 696 1519 ibidem
707 1473 976 1519 nobiscum
997 1473 1147 1518 simul
1169 1473 1472 1523 adolescens
1494 1473 1855 1532 philosophiae

273 1543 516 1597 sectator,
537 1539 866 1598 disciplinae,
885 1543 940 1586 ut
959 1539 1069 1598 ipse
1092 1540 1308 1595 dicebat,
1322 1539 1547 1601 Stoicae,
1570 1539 1659 1587 sed
1676 1540 1855 1598 loqua-

275 1609 388 1655 cior
409 1608 670 1669 impendio
693 1610 746 1653 et
765 1607 1036 1664 promtior.
1109 1612 1158 1653 4.
1198 1610 1247 1653 ls
1268 1609 1566 1667 plerumque
1593 1607 1648 1652 in
1672 1607 1853 1653 convi-

271 1675 387 1736 vio,
423 1676 771 1730 sermonibus,
810 1674 900 1731 qui
923 1678 1036 1731 post
1057 1676 1239 1733 epulas
1259 1674 1434 1721 haberi
1456 1676 1657 1733 solent,
1692 1673 1855 1720 multa

272 1747 421 1799 atque
442 1742 714 1788 immodica
733 1740 804 1786 de·
816 1740 1175 1799 philosophiae
1211 1741 1461 1789 doctrinis
1494 1740 1853 1799 intempestive

271 1814 422 1867 atque
441 1808 675 1854 insubide
695 1808 999 1863 disserebat,
1009 1822 1232 1867 praeque
1246 1823 1303 1855 se
1321 1823 1426 1857 uno
1443 1811 1643 1855 ceteros
1658 1821 1853 1862 omnes,

272 1876 482 1934 linguae
508 1875 704 1921 Atticae
727 1874 1015 1934 principes,
1045 1879 1349 1934 gentemque
1380 1888 1583 1921 omnem
1609 1877 1851 1933 togatam,

271 1947 532 2000 totumque
551 1956 740 1988 nomen
759 1942 998 1987 Latinum
1013 1974 1026 2000 ‚
1067 1942 1222 1989 rudes
1244 1956 1358 1989 esse
1380 1944 1433 1988 et
1452 1944 1685 2001 agrestes
1704 1954 1853 1999 prae-

271 2010 496 2055 dicabat:
531 2012 684 2067 atque
721 2009 926 2055 interea
955 2009 1221 2055 vocabulis
1261 2009 1393 2055 haud
1421 2005 1577 2055 facile
1609 2008 1851 2067 cognitis,

269 2076 691 2136 syllogismorum
707 2076 1097 2134 captionumque
1110 2074 1491 2123 dialecticarum
1510 2074 1709 2133 laqueis
1723 2079 1853 2120 stre-

269 2146 451 2203 pebat,
472 2138 822 2206 κυριεύοντας,
855 2137 1196 2203 ἡσυχάζοντας
1215 2141 1298 2188 καὶ
1318 2140 1585 2205 σωρείτας,
1616 2142 1850 2199 aliosque

268 2209 320 2255 id
343 2222 504 2268 genus
531 2209 743 2267 griphos
771 2210 1026 2257 neminem
1055 2224 1210 2267 posse
1240 2210 1414 2255 dicens
1444 2208 1549 2255 nisi
1580 2222 1633 2254 se
1666 2208 1854 2253 dissol-

269 2290 418 2322 vere:
455 2290 564 2322 rem
595 2289 720 2323 vero
755 2277 996 2335 ethicam,
1035 2281 1369 2335 naturamque
1402 2274 1610 2322 humani
1638 2274 1855 2333 ingenii,

269 2345 615 2401 virtutumque
650 2344 882 2401 origines
912 2344 1184 2401 officiaque
1219 2358 1394 2391 earum
1431 2345 1484 2388 et
1515 2340 1738 2388 confinia
1766 2345 1854 2385 aut

269 2410 544 2469 contraria,
559 2411 854 2457 morborum
873 2411 1213 2469 vitiorumque
1234 2408 1457 2464 fraudes,
1470 2406 1853 2465 animorumque

267 2477 410 2523 labes
442 2491 501 2523 ac
531 2475 887 2535 pestilentias,
925 2480 1255 2525 asseverabat
1289 2476 1420 2523 nulli
1456 2489 1569 2521 esse
1596 2474 1760 2533 magis
1792 2486 1855 2519 ea

267 2545 442 2591 omnia
471 2544 776 2606 explorata,
815 2548 1077 2604 comperta
1108 2545 1452 2601 meditataque
1486 2543 1670 2601 [quam
1692 2541 1849 2599 sibiJ.

267 2616 314 2656 5.
339 2611 656 2659 Cruciatibus
678 2616 844 2660 autem
874 2612 1239 2669 doloribusque
1262 2610 1499 2670 corporis
1521 2612 1572 2656 et
1604 2609 1851 2669 periculis

265 2682 482 2727 mortem
509 2679 865 2727 minitantibus
895 2681 1121 2727 habitum
1157 2682 1438 2737 statumque
1479 2678 1617 2725 vitae
1654 2680 1849 2735 beatae,
