2134 3091
453 500 894 566 LIBER
981 497 1643 576 TERTIUS.

805 657 1160 706 CAPUT
1229 660 1269 704 1.

295 737 560 788 Quaesitum
587 753 646 782 ac
665 745 948 790 tractatum,
980 751 1118 797 quam
1136 739 1195 780 ob
1215 751 1401 782 eausam
1420 735 1671 782 Sallustius
1692 739 1849 783 avari-

347 793 466 838 tiam
481 794 656 839 dixerit
674 809 770 838 non
788 795 996 840 aniaenum
1015 799 1151 839 modo
1174 794 1369 847 virilem,
1398 798 1481 840 sed
1495 809 1658 852 eorpus
1678 808 1850 854 quoque

342 850 497 908 ipsum
514 850 800 910 effeminare.

231 910 457 992 Hieme
487 945 592 992 iam
617 945 914 992 discedente
941 945 1076 1004 apud
1105 945 1318 992 balneas
1341 944 1501 993 Sitias
1531 946 1583 993 in
1612 961 1735 994 area
1754 950 1848 993 sub

229 1013 404 1061 calido
428 1012 544 1059 sole
565 1026 676 1059 cum
695 1013 960 1060 Favorino
980 1011 1295 1072 philosopho
1324 1014 1731 1061 ambulabamus:
1772 1019 1848 1059 at-

230 1093 331 1138 que
363 1079 438 1127 ibi
467 1078 608 1125 inter
633 1079 999 1126 ambulandum
1025 1080 1297 1138 legebatur
1323 1080 1553 1126 Catilina
1586 1080 1846 1139 Sallustii‘
1906 1082 1913 1089 '

229 1161 398 1208 quem,
421 1145 479 1191 in
495 1160 646 1192 manu
669 1146 823 1194 amici
844 1150 1194 1205 conspectum,
1216 1147 1323 1205 legi
1343 1147 1585 1193 iusserat.
1628 1151 1674 1194 2.
1700 1149 1848 1193 Cum-

229 1228 328 1275 que
360 1213 488 1260 haec
507 1215 666 1261 verba
687 1227 750 1260 ex
776 1228 840 1261 eo
860 1213 997 1260 libro
1019 1214 1159 1260 lecta
1179 1217 1379 1263 essent:
1417 1215 1669 1262 Avaritia
1685 1229 1845 1274 pecu-

229 1281 355 1330 niae
375 1283 595 1329 studium
613 1281 788 1339 habet,
810 1295 964 1344 quam
986 1295 1129 1327 nemo
1152 1283 1363 1342 sapiens
1384 1285 1696 1342 concupivit.
1736 1281 1840 1341 Ea,

230 1351 394 1412 quasa·
417 1353 628 1396 venenis
657 1350 810 1397 malis
833 1351 1048 1408 imbuta,
1082 1363 1273 1408 corpus
1297 1351 1623 1412 animumque
1644 1352 1845 1397 virilem

229 1419 500 1481 effeminat
521 1432 540 1463 .·
589 1429 795 1477 semper
826 1413 1042 1475 infinita
1073 1423 1126 1462 et
1155 1417 1481 1464 insatiabilis
1514 1425 1625 1464 est:
1684 1433 1845 1479 neque

227 1489 380 1547 copia
403 1499 565 1547 neque
583 1487 764 1544 inopia
783 1488 1065 1532 minuitur.-
1097 1485 1141 1531 3.
1162 1488 1269 1531 tum
1290 1484 1585 1532 Favorinus
1606 1499 1684 1532 me
1706 1486 1845 1544 aspi-

231 1554 400 1601 ciens:
444 1556 584 1611 Quo,
613 1553 807 1611 inquit,
837 1556 990 1613 pacto
1021 1566 1204 1612 corpus
1226 1552 1451 1600 hominis
1478 1554 1703 1601 avaritia
1724 1555 1847 1600 effe-

229 1622 422 1669 minat?
495 1620 636 1675 Quid
669 1622 807 1668 enlm
834 1622 968 1668 istuc
988 1621 1083 1679 sit,
1125 1622 1259 1678 quod
1290 1620 1513 1667 animum
1547 1622 1753 1669 virilem
1786 1624 1845 1668 ab

230 1703 291 1735 ea
313 1688 602 1735 effeminari
625 1688 783 1747 dixit,
825 1689 1014 1735 videor
1032 1690 1192 1735 ferme
1222 1689 1453 1747 assequi:
1510 1690 1596 1736 sed
1628 1703 1847 1747 quonam

228 1756 382 1803 modo
406 1770 596 1816 corpus
619 1770 822 1815 quoque
842 1756 1066 1803 hominis
1089 1756 1368 1817 effeminet,
1379 1756 1605 1803 nondum
1618 1758 1845 1817 reperio.
1888 1756 1895 1758 ’

227 1828 276 1871 4.
318 1824 387 1870 Et
415 1837 539 1883 ego,
578 1823 811 1886 inquam,
849 1824 1009 1883 longe
1041 1824 1235 1871 iamdiu
1255 1824 1309 1869 in
1330 1838 1391 1871 eo
1415 1824 1528 1883 ipso
1551 1824 1847 1882 quaerendo

230 1891 327 1947 fui,
349 1905 426 1951 ac,
447 1890 553 1938 nisi
571 1893 627 1937 tu
649 1905 979 1951 occupasses‚
1000 1892 1143 1938 ultro
1167 1896 1219 1938 tc
1240 1892 1339 1937 hoe
1358 1905 1637 1951 rogassem.
1681 1897 1725 1940 5.
1747 1893 1848 1938 Vix

232 1972 330 2019 ego
349 1958 480 2005 haec
501 1956 735 2005 dixeram
757 1960 1165 2015 cunctabundus,
1188 1962 1341 2015 atque
1362 1958 1491 2004 inibi
1512 1960 1763 2018 quispiam
1790 1960 1849 2005 de

231 2024 576 2073 sectatoribus
596 2025 874 2085 Favorini,
914 2026 1002 2083 qui
1030 2025 1309 2073 videbatur
1337 2040 1453 2072 esse
1483 2026 1537 2071 in
1558 2028 1732 2073 literis
1756 2040 1848 2071 ve-

234 2094 459 2139 terator:
499 2092 796 2147 Valerium,
822 2092 1015 2149 inquit,
1050 2094 1276 2140 Probum
1304 2091 1479 2139 audivi
1502 2093 1631 2140 haec
1652 2094 1849 2139 dicere:

233 2174 381 2207 usum
413 2170 530 2205 esse
552 2158 860 2205 Sallustium
889 2160 1355 2207 circumlocutione
1376 2159 1592 2217 quadam
1622 2160 1847 2219 poetica,

232 2229 310 2283 et,
351 2240 464 2274 cum
495 2225 666 2273 dicere
694 2226 859 2271 vellet
885 2224 1146 2273 hominem
1165 2226 1385 2273 avaritia
1408 2227 1693 2286 corrumpi,
1734 2240 1848 2273 cor-

228 2307 326 2353 pus
349 2296 400 2341 et
420 2294 641 2340 animum
666 2292 888 2354 dixisse,
919 2308 1051 2351 quae
1075 2295 1205 2340 duae
1232 2309 1317 2341 res
1344 2294 1602 2341 hominem
1634 2296 1847 2341 demon-

230 2364 483 2409 strarent:
504 2375 721 2419 namque
744 2360 894 2407 homo
918 2374 984 2407 ex
1003 2361 1177 2409 anima
1194 2366 1247 2408 et
1269 2375 1483 2420 corpore
1504 2366 1598 2409 est.
1640 2365 1685 2408 6.
1700 2364 1847 2409 Nun-

230 2443 394 2487 quam,
419 2429 589 2487 inquit
607 2428 922 2485 Favorinus,
943 2429 1079 2486 quod
1100 2430 1336 2486 equidem
1358 2430 1467 2476 scio
1483 2461 1496 2487 ‚
1529 2435 1631 2476 tam
1651 2430 1846 2487 impor-

227 2500 354 2543 tuna
381 2501 584 2554 tamque
613 2496 796 2543 audaci
829 2496 1036 2555 argutia
1066 2496 1169 2543 fuit
1196 2502 1375 2545 noster
1393 2499 1621 2559 Probus,
1652 2500 1709 2543 ut
1731 2497 1846 2543 Sal-

227 2563 445 2611 lustium
476 2565 563 2611 vel
591 2564 984 2611 subtilissimum
1017 2565 1289 2612 brevitatis
1310 2566 1555 2612 artificem
1578 2563 1848 2624 periphra-

227 2632 324 2679 sim
345 2633 614 2691 poetarum
641 2633 817 2678 facere
847 2632 1062 2681 diceret.
1135 2634 1180 2679 7.
1220 2634 1351 2680 Erat
1370 2636 1473 2679 tum
1498 2632 1767 2679 nobiscum
1790 2632 1846 2677 in

227 2698 411 2746 eodem
449 2699 742 2746 ambulacro
782 2699 937 2747 homo
975 2700 1229 2760 quispiam
1268 2714 1391 2747 sane
1433 2702 1631 2748 doctus.
1703 2705 1749 2746 8.
1799 2701 1846 2743 ls

227 2780 426 2825 quoque
459 2781 488 2813 a
507 2767 773 2814 Favorino
802 2774 1045 2829 rogatus,
1075 2769 1260 2828 ecquid
1290 2770 1504 2818 haberet
1522 2782 1681 2830 super
1710 2782 1770 2814 ea
1792 2780 1847 2813 re
