2134 3091
358 172 465 227 436
862 178 1070 225 Auni
1145 180 1457 226 GELLn

360 307 477 342 esse
508 293 563 340 in
594 292 725 340 ullis
754 294 989 340 veterum
1024 296 1176 343 libris
1204 295 1558 358 existimaret,
1599 296 1691 343 sed
1726 298 1786 343 ut
1823 290 1980 347 nobis

362 362 589 409 studium
613 360 887 407 lectitandi
910 360 965 407 in
984 362 1296 419 quaerendis
1315 362 1606 409 rarioribus
1628 364 1800 411 verbis
1823 380 1980 413 exer-

362 431 523 475 ceret.
593 426 678 479 1⁶1.
718 426 869 480 Quod
891 441 1049 475 unum
1071 442 1197 488 ergo
1217 430 1538 477 rarissimum
1557 429 1858 491 videbatur,
1893 434 1978 479 in-

362 495 599 541 venimus
638 494 947 555 quadrigam
982 508 1198 543 numero
1239 496 1494 555 singulari
1529 496 1720 544 dictam
1755 498 1806 544 in
1837 498 1977 547 libro

364 564 662 621 Satri-arum
683 562 754 606 M.
768 560 1039 621 Varronis,
1060 564 1149 620 qui
1169 562 1450 622 inscriptus
1471 567 1550 610 est
1559 562 1976 614 ExdemetricuS.

368 632 447 675 18.
495 627 700 674 Aretias
739 629 912 673 autem
949 625 1316 688 πληθυντικῶς
1354 630 1522 676 dictas
1559 630 1762 677 minore
1802 634 1978 679 studio

364 695 676 753 quaerimus,
698 693 819 750 quia
840 698 1049 753 praeter
1069 697 1124 743 C.
1141 698 1434 757 Caesarem,
1457 698 1593 755 quod
1613 698 1850 769 equidem
1870 715 1978 746 me-

362 762 618 823 minerim,
648 774 799 808 nemo
820 760 872 807 id
893 762 1163 809 doctorum
1181 763 1444 811 hominum
1466 762 1634 811 dedit.

886 894 1261 947 CAPUT
1333 895 1443 947 IX.

419 959 618 1004 Antonii
631 959 809 1005 Iult‘ma‘
833 974 883 1003 m
904 962 1113 1005 convivio
1143 966 1210 1006 ad
1231 967 1452 1022 quosdam
1474 962 1674 1007 Graecos
1693 963 1976 1021 lepidissima

456 1030 723 1073 responsu).

441 1096 483 1141 1.
519 1094 840 1142 Adolescens
868 1108 898 1141 e
924 1096 1063 1141 terra
1094 1094 1244 1155 Asia,
1285 1096 1348 1141 de
1382 1096 1608 1152 equestri
1631 1096 1770 1157 l'oeo,
1804 1096 1974 1145 laetae

366 1160 559 1209 indolis
574 1195 587 1218 ‚
624 1162 955 1219 moribusque
974 1165 1029 1207 et
1048 1162 1258 1209 fortuna
1277 1165 1407 1209 bene
1433 1166 1670 1215 ornatus.
1709 1167 1763 1210 et
1781 1165 1845 1211 ad
1866 1179 1973 1211 rem

298 1278 301 1285 ,
363 1228 613 1277 musicam
640 1225 790 1276 facili
822 1228 1036 1288 ingenio
1058 1242 1118 1275 ac
1139 1229 1348 1286 libenti,
1388 1243 1598 1277 coenam
1622 1230 1775 1278 dabat
1793 1232 1972 1279 amicis

364 1310 425 1343 ac
444 1296 707 1355 magistris
728 1292 844 1359 [sub
862 1296 1015 1353 urbe]
1037 1296 1094 1343 in
1111 1297 1341 1354 rusculo,
1360 1297 1700 1343 celebrandae
1721 1298 1857 1343 lucis
1879 1314 1970 1345 an-

362 1376 528 1423 nuae,
567 1376 715 1421 quam
743 1363 842 1409 sibi
862 1362 1146 1422 principem
1170 1363 1306 1409 vitae
1326 1364 1588 1410 habuerat.
1660 1366 1708 1409 2.
1749 1368 1972 1413 Venerat

365 1434 473 1476 tum
494 1429 763 1476 nobiscum
782 1430 847 1475 ad
866 1443 979 1475 eam
1001 1443 1213 1476 coenam
1244 1432 1501 1477 Antonius
1524 1430 1754 1479 lulianus
1774 1433 1970 1496 rhetor,

366 1496 613 1543 docendis
636 1496 845 1555 publice
864 1496 1140 1543 iuvenibus
1159 1497 1434 1558 magister,
1475 1498 1708 1557 Hispano
1731 1512 1846 1561 ore,
1877 1501 1972 1547 sso-

362 1561 632 1620 re'ntisque
651 1563 805 1610 homo
832 1564 1133 1620 facundiae,
1171 1567 1226 1610 et
1243 1579 1416 1612 rerum
1435 1564 1806 1624 literarumque
1829 1571 1969 1614 vete-

362 1643 475 1676 rum
498 1629 711 1688 peritus.
764 1633 813 1676 3.
843 1631 911 1685 Is,
933 1630 1020 1676 ubi
1041 1631 1233 1678 eduliis
1253 1632 1387 1692 finis,
1419 1634 1472 1678 et
1492 1631 1696 1691 poculis
1717 1647 1841 1680 mox
1862 1647 1971 1683 ser-

360 1696 704 1753 monibusque
722 1699 919 1754 tempus
941 1697 1066 1754 fuit,
1099 1698 1416 1746 desideravit
1437 1699 1691 1750 exhiberi,
1727 1713 1857 1759 quos
1878 1701 1969 1747 ha-

360 1765 483 1811 bere
524 1776 638 1810 eum
670 1763 1051 1810 adolescentem
1093 1765 1318 1822 sciebat,
1355 1765 1661 1813 scitissimos
1699 1767 1966 1825 utriusque

361 1843 543 1892 sexus,
566 1829 652 1890 qui
675 1834 922 1876 canerent
942 1843 1087 1888 voce,
1109 1836 1164 1878 et
1179 1833 1265 1889 qui
1286 1833 1590 1891 psallerent.
1637 1835 1688 1878 4.
1711 1835 1804 1888 Ac,
1825 1839 1968 1892 post·

362 1911 578 1956 eaquam
606 1897 891 1945 introducti
922 1899 1070 1958 pueri
1100 1899 1409 1957 puellaeque
1435 1904 1579 1959 sunt,
1619 1896 1931 1948 iucundum
1915 1916 1968 1947 m

360 1956 962 2029 ιιιοᾱιιωᾌνακρεόντεια
985 1965 1251 2025 pleraque,
1273 1969 1326 2013 et
1343 1967 1616 2027 Sapphica,
1627 1969 1681 2014 et
1699 1968 1967 2026 poetarum

362 2045 570 2091 quoque
601 2031 888 2079 recentium
918 2029 1113 2094 ἐλεγεῖα
1143 2032 1394 2090 quaedam
1419 2027 1666 2096 ἐρωτικά,
1709 2034 1884 2082 dulcia
1919 2039 1970 2083 et

362 2103 607 2156 venusta,
638 2098 955 2146 cecinerunt.
1029 2103 1076 2146 5.
1115 2100 1378 2147 Oblectati
1403 2103 1574 2148 autem
1598 2114 1790 2162 sumus,
1819 2114 1971 2160 prae-

362 2169 443 2214 ter
460 2165 624 2212 multa
644 2166 769 2220 alia,
790 2165 1065 2215 versiculis
1087 2164 1424 2224 lepidissimis
1435 2167 1782 2214 Anacreontis
1802 2168 1968 2215 senis:

362 2246 493 2290 quos
513 2231 749 2289 equidem
769 2232 987 2290 scripsi,
1025 2234 1085 2278 ut
1104 2232 1306 2281 interea
1324 2233 1474 2280 labor
1492 2233 1578 2280 hic
1598 2234 1898 2294 vigiliarum
1917 2238 1969 2282 et

362 2299 569 2356 inquies
590 2298 851 2346 suavitate
868 2298 1135 2359 paulisper
1152 2313 1334 2348 vocum
1355 2303 1510 2360 atque
1531 2301 1863 2349 modulorum
1883 2315 1973 2350 ac·

363 2367 679 2424 quiesceret:

368 2433 419 2480 6.
645 2423 749 2478 Τὸν
768 2423 993 2496 ἄργυρον
1009 2427 1276 2500 πορεύσας,

628 2489 894 2561 Ἥφαιστε,
912 2498 1009 2560 μοὶ
1026 2500 1265 2580 ποίησον,

636 2562 943 2611 Πανοπλίαν
960 2566 1056 2629 μὲν
1077 2583 1125 2613 oi
1119 2561 1220 2646 :121⁸

638 2627 711 2674 Τί
722 2623 819 2706 γὰρ
838 2645 1055 2692 μαχαισι
1077 2627 1265 2697 accipet,-

635 2689 907 2760 Ποτήριον
925 2695 981 2745 δὲ
1000 2698 1192 2760 κοῖλον,
