2134 3091
343 185 445 235 240
594 202 607 215 ·
841 174 1058 235 Anni
1129 188 1448 235 GELLn

345 313 495 367 atque
534 307 712 353 Poeni.
784 308 831 353 2.
874 308 1053 364 Neque
1093 306 1349 354 immerito
1397 306 1774 354 existimatum:
1831 321 1953 354 nam

345 390 457 424 cum
487 374 609 421 aliis
644 374 847 431 quidem
875 374 1086 432 populis
1125 375 1187 421 de
1217 374 1624 433 uniuscuiusque
1663 374 1953 432 republica,

347 457 461 491 cum
479 442 669 489 Poenis
701 447 867 487 autem
901 442 963 487 de
994 443 1225 489 omnium
1256 447 1508 487 terrarum
1530 441 1750 499 imperio
1772 441 1957 487 decer-

344 514 507 557 tatum
542 514 634 557 est.
711 510 757 554 3.
794 508 925 554 Eius
958 507 1039 555 rei
1066 509 1329 566 specimen
1359 510 1439 553 est
1467 510 1520 553 in
1551 508 1650 554 illo
1679 508 1956 567 utriusque

347 575 529 637 populi
550 577 706 622 verbo
728 575 945 635 factum,
989 588 1102 621 cum
1125 577 1189 629 Q.
1207 575 1429 636 Fabius,
1464 574 1747 634 imperator
1764 576 1958 621 Roma-

346 658 470 704 nus,
512 642 653 691 dedit
684 643 748 688 ad
770 641 1228 700 Carthaginienses
1247 641 1552 700 epistolam,
1589 642 1676 689 ubi
1707 640 1956 700 scriptum

350 710 475 765 fuit,
506 709 753 768 populum
780 708 1062 755 Romanum
1083 708 1286 755 misisse
1307 709 1370 755 ad
1393 722 1484 755 eos
1505 709 1703 756 hastam
1721 714 1774 754 et
1795 710 1957 755 cadu-

350 792 519 834 ceum,
552 775 703 835 signa
723 774 841 830 duo,
872 775 999 822 belli
1022 779 1112 822 aut
1132 777 1297 834 pacis:
1336 789 1508 833 exque
1527 776 1614 837 iis,
1651 778 1822 823 utrum
1843 777 1958 823 vel-

349 845 487 901 lent,
524 842 804 901 eligerent3
846 843 985 899 quod
1016 844 1331 902 elegissent,
1371 842 1422 887 id
1443 856 1600 889 unum
1617 846 1676 889 ut
1694 856 1810 889 esse
1830 842 1959 889 mis-

350 925 459 958 sum
500 908 880 957 existimarent.
950 910 999 955 4.
1060 908 1516 969 Carthaginienses
1556 910 1956 971 responderunt,

348 980 585 1025 neutrum
607 989 722 1023 sese
744 975 964 1034 eligere.
1002 976 1094 1024 sed
1115 990 1288 1036 posse,
1319 976 1406 1033 qui
1427 977 1756 1033 attulissent,
1782 980 1954 1023 utrum

348 1045 583 1103 mallent,
603 1043 924 1102 relinquere3
944 1044 1080 1101 quod
1103 1044 1456 1103 reliquissent,
1477 1044 1530 1090 id
1550 1043 1650 1091 sibi
1668 1058 1762 1104 pro
1783 1044 1956 1091 electo

350 1114 597 1159 futurum.
674 1114 723 1157 5.
766 1113 973 1157 Marcus
1002 1115 1171 1157 autem
1197 1112 1363 1157 Varro
1400 1125 1508 1159 non
1540 1111 1736 1158 hastam
1771 1112 1956 1171 ipsam,

349 1192 517 1238 neque
540 1179 703 1236 ipsum
726 1178 999 1224 caduceum
1022 1178 1177 1224 missa
1199 1179 1342 1237 dicit,
1385 1179 1478 1224 sed
1499 1178 1625 1225 duas
1645 1179 1953 1237 tesserulas;

349 1247 405 1293 in
427 1259 639 1304 quarum
667 1245 837 1291 altera
860 1246 1166 1302 caduceum,
1207 1245 1262 1292 in
1289 1246 1458 1293 altera
1474 1246 1652 1293 hastae
1675 1245 1957 1293 simulacra

349 1315 559 1361 fuerunt
579 1311 757 1359 incisa.

778 1413 815 1458 C
852 1412 895 1461 Α
930 1411 975 1464 Ρ
1010 1412 1059 1463 U
1099 1414 1150 1463 'I'
1221 1411 1522 1464 XXVIII.

404 1478 471 1522 De
490 1477 879 1534 aetatmnfinibm
900 1478 1225 1533 pueritiae,
1258 1480 1549 1533 iuventae,
1580 1486 1862 1532 senectae,
1895 1495 1957 1525 ex

464 1534 709 1577 Tuberonis
730 1532 925 1577 historin
941 1541 1152 1580 mmmm.

422 1614 467 1656 l.
508 1613 563 1656 C.
590 1611 798 1659 Tubero
829 1611 881 1657 in
903 1611 1248 1660 Historiarum
1270 1613 1436 1672 primo
1460 1613 1685 1673 scripsit,
1714 1613 1957 1662 Servium

350 1678 600 1738 Tullium,
620 1691 793 1737 regem
815 1679 997 1737 populi
1022 1681 1261 1740 Romani,
1293 1695 1406 1727 cum
1429 1681 1552 1728 illas
1572 1681 1794 1740 quinque
1815 1681 1958 1729 elas-

349 1759 433 1791 ses
455 1745 728 1801 iuniorum,
752 1758 935 1792 census
959 1747 1181 1793 faciendi
1205 1748 1389 1808 gratia,
1425 1747 1737 1809 institueret,
1763 1761 1955 1806 pueros

350 1826 463 1858 esse
484 1811 830 1874 existimasse,
842 1813 926 1870 qui
948 1815 1177 1861 minores
1201 1818 1373 1862 essent
1392 1817 1542 1862 annis
1562 1816 1953 1875 septemdecim:

349 1883 503 1936 atque
537 1879 655 1925 inde
685 1881 746 1925 ab
777 1893 913 1926 anno
944 1883 1166 1940 septimo
1187 1881 1417 1940 decimo,
1454 1884 1589 1941 quod
1614 1883 1828 1930 idoneos
1849 1883 1955 1931 iam

349 1959 463 1992 esse
483 1947 799 2005 reipublicae
822 1947 1178 2007 arbitraretur,
1205 1949 1399 1997 milites
1422 1951 1717 2011 scripsisse:
1759 1965 1955 2010 eosque

349 2015 410 2060 ad
444 2027 634 2060 annum
662 2015 1104 2073 quadragesimum
1136 2019 1342 2063 sextum
1381 2017 1641 2079 iuniores,
1695 2031 1954 2079 supraque

347 2094 464 2127 eum
491 2093 679 2128 almum
706 2083 940 2130 seniores
971 2083 1283 2144 appellasse.
1321 2127 1334 2137 ,
1354 2086 1405 2131 2.
1449 2085 1578 2132 Eam
1607 2099 1714 2132 rem
1740 2089 1956 2144 propte-

346 2160 436 2192 rea
456 2149 653 2209 notavi,
681 2153 741 2196 ut
760 2150 1074 2209 discrimina,
1106 2165 1238 2209 quae
1263 2152 1461 2198 fuerint
1482 2151 1672 2198 iudicio
1692 2153 1953 2200 moribus-

344 2227 442 2272 que
461 2215 711 2262 maiorum
731 2217 1014 2280 pueritiae,
1042 2218 1307 2275 iuventae,
1337 2222 1590 2275 senectae,
1622 2231 1688 2266 ex
1709 2220 1810 2266 ista
1830 2235 1956 2268 cen-

345 2281 497 2327 sione
516 2282 687 2330 Servii
711 2284 899 2347 Tullii,
920 2286 1313 2345 prudentissimi
1332 2286 1492 2350 regis,
1513 2291 1854 2334 noscerentur

815 2384 1188 2437 CAPUT
1258 2384 1491 2437 XXIX.

404 2448 536 2497 Quod
552 2448 793 2505 particula
822 2457 991 2510 atque
1020 2465 1113 2495 non
1141 2453 1431 2509 complexiva
1453 2460 1634 2497 tantum
1651 2453 1726 2506 sit,
1764 2458 1844 2498 ssd
1859 2429 1968 2498 vim·

456 2505 628 2548 habeat
638 2506 896 2561 plusculam
913 2508 1192 2566 variamque.

415 2582 460 2624 l.
499 2580 664 2640 Atque
686 2581 960 2641 particula,
995 2597 1025 2630 a
1046 2585 1395 2644 grammaticis
1417 2586 1620 2643 quidem
1643 2585 1952 2634 coniunctio

343 2657 457 2690 esse
478 2645 666 2692 dicitur
686 2650 995 2713 connexim,
1007 2655 1060 2697 et
1081 2653 1380 2710 plerumque
1397 2666 1521 2699 sane
1543 2653 1809 2711 coniungit
1834 2667 1954 2698 ver-

343 2711 407 2754 ba
430 2714 481 2755 et
503 2713 787 2761 connectit:
830 2717 918 2763 sed
952 2717 1209 2767 interdum
1240 2720 1375 2766 alias
1403 2719 1643 2777 quasdam
1666 2724 1953 2778 potestates
