2134 3091
329 193 433 245 406
827 194 1041 241 Auni
1114 193 1430 239 (313121211

328 310 574 359 orientali
594 312 823 366 subacta,
852 324 962 357 cum
984 322 1151 356 annos
1171 310 1498 367 regnavisset
1516 309 1774 363 undecim,
1796 305 1934 355 obiit

325 379 509 426 mortis
533 378 681 425 diem.
713 380 793 425 35.
807 378 987 435 Neque
1008 376 1086 421 ita
1107 376 1262 434 longe
1284 380 1399 433 post
1417 376 1732 424 Aristoteles
1755 375 1934 435 philo-

328 446 543 503 sophus,
574 450 627 491 et
646 446 762 502 post
779 434 1045 500 aliquanto
1069 444 1442 489 Demosthenes
1464 443 1572 489 vita
1596 444 1761 491 functi
1783 446 1934 489 sunt:

328 515 410 559 36.
448 512 735 569 iisdemque
774 511 933 556 ferme
971 509 1361 567 tempestatibus
1407 510 1630 567 populus
1665 512 1930 557 Romanus

326 579 475 638 gravi
507 594 567 625 ac
588 576 793 623 diutino
811 575 1117 623 Samnitium
1136 576 1277 623 bello
1301 576 1628 623 conflictatus
1649 579 1758 624 est:
1804 588 1931 621 con-

325 645 568 702 sulesque
591 644 703 689 Tib.
730 642 971 689 Veturius
998 646 1052 689 et
1071 644 1159 700 Sp.
1180 643 1477 689 Postumius
1499 641 1558 688 iu
1575 643 1712 689 locis
1731 640 1930 700 iniquis

325 713 459 770 apud
485 710 731 757 Caudium
761 721 792 756 a
812 708 1127 755 Samnitibus
1147 708 1526 755 circumvallati
1545 723 1608 757 ae
1626 711 1722 755 sub
1749 708 1927 767 iugum

322 777 467 826 missi
481 808 497 836 ,
524 776 664 833 turpi
687 776 897 824 foedere
920 778 1055 823 tacto
1077 776 1447 833 discesserunt3
1487 779 1551 823 ob
1573 789 1782 835 eamque
1805 788 1928 821 cau·

324 857 431 893 sam
451 842 637 902 populi
655 842 798 889 iussu
820 843 1140 889 Samnitibus
1161 856 1252 900 per
1269 842 1500 889 Fetiales
1521 842 1704 899 dediti,
1725 840 1928 899 recepti

320 924 429 959 non
456 914 591 957 sunt.
660 910 742 956 37.
779 909 902 956 Post
934 923 1124 955 annum
1152 908 1338 955 deinde
1367 909 1510 956 urbis
1541 908 1780 955 conditae
1799 919 1926 965 qua-

322 975 778 1036 dringentesimum
800 978 909 1023 fere
932 980 985 1023 et
1005 975 1430 1034 septuagesimum
1455 976 1646 1023 bellum
1668 990 1779 1023 cum
1799 986 1922 1031 rege

317 1044 519 1103 Pyrrho
540 1047 761 1091 sumtum
780 1046 876 1090 est.
948 1046 1027 1089 38.
1064 1044 1143 1089 Ea
1162 1045 1465 1100 tempestate
1485 1042 1744 1101 Epicurus
1763 1039 1921 1089 Athe-

318 1110 546 1165 niensis,
588 1113 640 1156 et
678 1112 819 1157 Zeno
854 1109 1122 1157 Cittiensis
1151 1107 1449 1167 philosophi
1479 1111 1712 1159 celebres
1748 1110 1922 1155 erant:

321 1180 405 1225 39.
442 1178 721 1235 eodemque
750 1179 979 1235 tempore
1009 1178 1062 1221 C.
1084 1174 1354 1223 Fabricius
1375 1176 1625 1223 Luscinus
1656 1177 1710 1222 et
1730 1175 1794 1229 Q.
1817 1175 1918 1219 Ae-

317 1244 498 1292 milius
518 1245 689 1301 Papus
719 1257 962 1290 censores
983 1244 1173 1289 Romae
1204 1243 1436 1299 fuerunt3
1477 1245 1530 1289 et
1546 1244 1602 1288 P.
1624 1241 1918 1289 Cornelium

320 1312 573 1368 Rufinum,
595 1310 779 1368 quibis
802 1311 1000 1367 consui,
1020 1312 1074 1356 et
1094 1308 1315 1355 dictator
1336 1310 1518 1366 fuerat,
1541 1312 1724 1355 senatu
1743 1320 1915 1355 move-

317 1379 469 1434 runt3
498 1390 797 1432 causamque
819 1376 907 1423 isti
926 1380 1082 1423 notae
1100 1376 1470 1434 subscripsere,
1489 1376 1625 1433 quod
1645 1388 1758 1423 eum
1779 1387 1916 1423 com-

318 1444 581 1501 perissent
607 1443 809 1502 argenti
838 1444 963 1489 facti
994 1454 1188 1489 coenae
1215 1442 1388 1505 gratia
1415 1442 1593 1489 decem
1618 1442 1792 1501 pondo
1824 1441 1916 1486 ha-

322 1514 463 1558 bere.
534 1513 615 1556 4⁰.
652 1511 805 1556 Anno
828 1509 1010 1557 deinde
1030 1511 1150 1569 post
1167 1509 1378 1556 Romam
1397 1508 1656 1558 conditam
1674 1508 1913 1567 quadrin-

319 1576 607 1636 gentesimo
634 1578 795 1622 ferme
816 1578 868 1622 et
885 1575 1238 1637 nonagesimo,
1259 1578 1558 1624 consulibus
1578 1576 1748 1635 Appio
1761 1576 1912 1622 Clau-

320 1643 410 1690 dio
427 1677 441 1701 ,
480 1643 565 1690 cui
594 1646 985 1700 cognomentum
1016 1641 1226 1692 Caudex
1250 1643 1378 1702 fuit,
1417 1643 1573 1702 Appii
1594 1643 1744 1691 illius
1765 1642 1911 1689 Caeci

316 1711 483 1756 fratre
499 1739 514 1762 ,
556 1713 607 1756 et
636 1710 707 1754 Μ.
729 1708 918 1756 Fulvio
939 1709 1132 1757 Flacco
1151 1742 1164 1766 ‚
1205 1710 1402 1758 bellum
1420 1710 1689 1758 adversum
1710 1709 1910 1756 Poenos

316 1776 536 1834 primum
569 1777 803 1832 coeptum
829 1779 924 1822 est.
992 1778 1076 1821 ⁴1.
1111 1777 1292 1836 Neque
1322 1776 1410 1822 diu
1439 1781 1553 1836 post
1576 1776 1912 1824 Callimachus

321 1843 506 1901 poeta,
544 1841 883 1904 Cyrenensis,
919 1843 1270 1890 Alexandriae
1303 1843 1438 1902 apud
1457 1843 1806 1890 Ptolemaeum
1833 1857 1914 1888 re-

318 1923 431 1968 gem
452 1909 742 1956 celebratus
768 1911 861 1956 est.
913 1911 995 1956 42.
1024 1910 1189 1957 Annis
1210 1910 1395 1958 deinde
1415 1913 1596 1968 postea
1625 1909 1780 1968 paulo
1803 1909 1910 1966 plu-

314 1976 459 2023 ribus
490 1990 637 2033 quam
660 1975 874 2035 viginti,
915 1989 1027 2022 cum
1048 1978 1238 2024 Poenis
1257 1991 1381 2038 pace
1413 1978 1570 2032 facta,
1611 1975 1911 2024 consulibus

319 2042 537 2089 Claudio
558 2045 801 2099 Centone,
822 2041 981 2101 Appii
999 2043 1152 2090 Caeci
1172 2043 1296 2098 filio,
1319 2046 1370 2090 ct
1391 2045 1462 2100 Μ.
1484 2042 1792 2101 Sempronio
1810 2043 1912 2088 Tu-

320 2109 531 2168 ditano,
565 2109 765 2167 primus
793 2109 1020 2158 omnium
1034 2111 1099 2155 L.
1120 2109 1298 2156 Livius
1323 2110 1706 2168 pocta'tabulas
1736 2110 1911 2156 docere

317 2176 510 2222 Romae
540 2177 725 2240 coepit,
749 2179 884 2233 ‚post
906 2175 1180 2236 Sophoclis
1211 2179 1264 2222 et
1283 2175 1546 2234 Euripidis
1575 2179 1792 2222 mortem
1823 2189 1910 2220 an-

316 2241 401 2286 nis
432 2242 549 2300 plus
570 2241 681 2288 fere
703 2246 911 2289 centum
932 2244 984 2288 ct
1004 2243 1279 2302 sexaginta
1293 2275 1307 2296 ,
1337 2245 1457 2301 post·
1471 2242 1744 2288 Menandri
1766 2242 1908 2288 antiis

319 2305 526 2354 circiter
546 2308 918 2367 quinquaginta
939 2309 1154 2355 duobus.
1223 2312 1305 2355 43.
1337 2308 1605 2356 Claudium
1629 2312 1681 2356 et
1701 2306 1908 2354 Tudita-

317 2388 437 2420 num
480 2375 719 2420 consules
756 2377 1041 2432 sequuntur
1084 2376 1146 2430 Q.
1177 2375 1420 2422 Valerius
1459 2379 1511 2422 et
1549 2375 1606 2420 C.
1637 2375 1908 2432 Manilius;

316 2441 497 2496 quibus
526 2443 699 2486 natum
734 2454 848 2486 esse
872 2441 933 2494 Q.
959 2441 1180 2488 Ennium
1207 2444 1408 2500 poetam
1430 2444 1504 2489 M.
1526 2443 1696 2488 Varro
1727 2441 1778 2488 in
1809 2441 1909 2499 pri-

314 2519 399 2552 mo
430 2507 505 2552 De
538 2506 715 2554 Poetis
747 2507 880 2552 libro
910 2507 1141 2566 scripsit:
1180 2522 1395 2566 eumque
1431 2523 1540 2556 cum
1573 2508 1841 2566 septimum
1863 2511 1909 2553 ct

317 2572 692 2630 sexagesimum
714 2587 897 2620 annum
921 2577 1115 2633 ageret,
1146 2575 1496 2622 duodecimum
1511 2575 1764 2620 Annalem
1787 2574 1906 2620 scri-

315 2638 497 2694 psisse,
530 2637 683 2694 idque
704 2641 870 2697 ipsum
890 2639 1112 2688 Ennium
1136 2641 1190 2686 in
1211 2643 1386 2688 eodem
1408 2641 1545 2688 libro
1567 2640 1761 2687 dicere.
1829 2642 1905 2685 44.

312 2705 464 2748 Anno
488 2703 671 2750 deinde
692 2711 809 2763 post
822 2708 1025 2756 Romam
1047 2708 1303 2756 conditam
1326 2709 1739 2768 quingentesimo
1761 2706 1906 2754 unde—
