2134 3091
669 215 828 264 1113.
884 218 977 262 ΙΙΙ.
1052 216 1230 263 ΟΑΡ.
1285 219 1335 267 2.
1771 211 1842 264 79

230 329 343 378 dies
366 332 569 378 noctem
588 335 894 380 consecutus
918 337 1011 379 est.
1062 339 1110 381 2.
1134 337 1204 378 Μ.
1226 335 1391 379 Varro
1415 333 1468 378 in
1489 330 1630 380 libro
1649 333 1838 379 Rerum

238 399 591 456 humanarum,
619 413 765 458 quem
788 401 863 446 De
894 400 1072 446 diebus
1095 399 1329 458 scripsit:
1370 400 1625 460 Homerus,
1653 399 1840 457 inquit,

184 489 189 492 ·
230 467 325 524 qm·
350 479 419 510 ex·
446 468 611 512 media
640 473 791 512 noete
822 467 895 512 ad
906 469 1212 525 prox-'imam
1231 467 1450 512 mediam
1471 471 1664 512 noctem
1685 470 1736 510 r'u
1756 467 1842 512 lais

232 531 374 578 horis
398 531 583 578 XXIV
598 537 715 578 nati
730 539 869 586 sunt,
890 545 995 576 una
1010 533 1094 578 die
1111 534 1229 578 nati
1245 535 1498 578 dicuntur.
1571 535 1616 578 3.
1641 533 1842 585 Quibus

236 597 409 643 verbis
441 597 513 643 ita
545 599 751 646 videtur
776 599 975 644 dierum
1010 600 1423 646 observationem
1463 599 1725 656 divisisse,
1767 601 1839 657 ut,

234 663 321 720 qui
353 668 467 720 post
494 665 657 711 solem
687 678 923 712 oceasum
950 669 1070 713 ante
1099 666 1316 712 mediam
1347 669 1548 712 noctem
1580 669 1732 711 natus
1753 665 1839 721 sit,

236 730 281 776 is
310 728 361 776 ei
388 729 501 776 dies
528 732 717 778 natalis
740 733 830 787 sit,
871 745 901 776 a
929 746 1027 788 quo
1049 733 1131 780 die
1153 746 1212 778 ea
1233 747 1342 780 uox
1365 732 1618 790 coeperit:
1657 735 1840 778 contra

234 809 389 854 vero,
426 797 513 854 qui
538 796 594 842 in
616 813 707 846 sex
732 799 899 844 noctis
920 799 1061 845 horis
1085 799 1458 858 posterioribus
1481 801 1736 854 nascatur,
1773 811 1838 844 eo

230 862 319 908 die
336 863 504 910 videri
528 869 716 922 natum,
728 866 813 923 qui
836 869 952 924 post
971 879 1080 912 eam
1101 869 1300 913 noctem
1323 866 1598 913 diluxerit.
1625 866 1840 912 sulthe-

233 929 439 976 nienses
461 935 633 978 autem
654 933 811 978 aliter
832 933 1124 993 observare,
1155 933 1290 978 idem
1311 933 1476 979 Varro
1499 932 1554 978 in
1573 933 1753 979 eodem
1769 932 1842 979 li-

232 999 323 1044 bro
354 997 591 1056 scripsit,
622 1013 811 1057 eosque
841 1011 871 1044 a
891 999 1009 1045 sole
1038 1013 1224 1046 occaso
1251 1001 1314 1044 ad
1343 1001 1504 1045 solem
1532 999 1720 1046 iterum
1749 1013 1838 1045 oc-

232 1063 487 1110 cidentem
516 1079 665 1112 omne
698 1067 751 1111 id
779 1066 1001 1111 medium
1036 1071 1234 1124 tempus
1263 1081 1416 1111 unum
1447 1067 1582 1112 diem
1609 1079 1721 1112 esse
1757 1067 1836 1112 di-

232 1145 364 1179 cere.
437 1135 483 1178 5.
524 1133 841 1192 Babylonios
868 1145 1025 1190 porro
1057 1133 1235 1188 aliter-3
1279 1146 1309 1178 a
1337 1134 1449 1178 sole
1481 1133 1618 1178 enim
1646 1138 1835 1180 exorto

230 1199 295 1247 ad
318 1203 558 1245 exortum
578 1199 801 1246 eiusdem
822 1198 1156 1258 incipientem
1177 1203 1340 1246 totum
1370 1199 1421 1244 id
1443 1201 1660 1258 spatium
1680 1200 1836 1246 unius

231 1265 335 1312 diei
356 1266 562 1312 nomine
584 1267 873 1324 appellare:
943 1270 989 1311 6.
1028 1266 1220 1313 multos
1247 1280 1367 1312 vero
1394 1266 1446 1312 in
1469 1269 1608 1312 terra
1628 1267 1838 1313 vinu-‚ria

231 1346 383 1378 unum
404 1334 457 1378 et
476 1334 695 1380 eundem
715 1334 848 1380 diem
864 1347 977 1380 esse
1000 1333 1172 1379 dicere
1193 1348 1224 1379 a
1243 1332 1456 1380 meridie
1475 1335 1540 1378 ad
1565 1334 1836 1392 insequen-

230 1402 329 1444 tem
346 1399 632 1446 meridiem.
672 1401 823 1458 Quod
838 1402 1058 1461 quidem,
1083 1400 1414 1460 i11qu1t‚n1'tm's
1434 1401 1715 1447 absurdum
1736 1407 1835 1446 est.

228 1467 363 1512 Nam
392 1469 479 1526 qm·
499 1468 750 1514 Kalendis
780 1469 919 1514 hora
946 1475 1106 1515 sexta
1134 1475 1289 1515 natus
1316 1475 1398 1514 est
1424 1472 1565 1527 apud
1595 1468 1834 1530 Umbros,

230 1535 339 1581 dies
356 1537 465 1581 eius
486 1535 689 1581 natalis
709 1536 877 1582 videri
894 1537 1099 1581 debebit
1119 1543 1168 1583 et
1190 1535 1561 1583 Kalendarum
1589 1535 1836 1582 dv'nn‘dv'a-

228 1616 342 1647 rum
356 1632 373 1657 ,
411 1608 466 1648 et
481 1604 572 1663 qm·
586 1609 669 1649 est
680 1610 804 1662 post
823 1604 1100 1650 Kalendas
1122 1606 1231 1649 dies
1252 1610 1374 1649 ante
1393 1603 1453 1649 lu.
1463 1617 1582 1649 ram
1607 1604 1835 1649 eiusdem

226 1669 332 1714 diet·
348 1676 571 1715 sextante.
644 1673 691 1717 7.
730 1670 981 1729 Populum
1001 1674 1167 1716 sutem
1190 1672 1468 1717 Romanum
1491 1670 1584 1727 ita,
1605 1669 1682 1716 uti
1702 1672 1836 1715 Var-

227 1749 287 1782 ro
310 1735 475 1792 dixit,
504 1736 613 1783 dies
647 1736 883 1795 singulos
905 1738 1240 1784 adnumerare
1261 1752 1290 1784 u
1309 1739 1478 1784 media
1497 1742 1650 1784 nocte
1670 1750 1833 1793 usque

228 1804 294 1849 ad
328 1804 549 1849 mediam
587 1804 899 1861 proximam,
943 1804 1123 1851 multis
1163 1804 1481 1863 argumentis
1519 1804 1831 1851 ostenditur.

226 1874 275 1917 8.
316 1870 472 1916 Sacra
493 1874 612 1916 sunt
633 1872 860 1917 Romana
881 1871 1065 1929 partim
1086 1871 1296 1928 diurna,
1335 1872 1522 1931 partim
1551 1875 1832 1918 nocturna:

229 1938 322 1983 sed
341 1948 426 1993 ea,
457 1951 587 1994 quae
608 1938 743 1984 inter
761 1940 961 1984 noctem
984 1940 1134 1997 fiunt,
1169 1939 1348 1985 diebus
1369 1939 1697 1994 addicuntur,
1729 1951 1834 1983 non

228 2004 496 2062 noctibus3
550 2008 597 2049 9.
638 2018 767 2061 quae
795 2004 955 2063 igitur
985 2019 1077 2051 sex
1103 2005 1477 2063 posterioribus
1498 2006 1668 2051 noetis
1686 2004 1834 2050 horis

226 2073 369 2126 fiunt,
390 2084 452 2117 eo
476 2071 558 2117 die
580 2073 687 2118 lieri
710 2073 975 2130 dicuntur,
1007 2072 1093 2129 qui
1117 2072 1386 2129 proximus
1408 2086 1516 2117 eam
1543 2076 1740 2117 noctem
1766 2070 1836 2115 il-

228 2138 463 2185 lucescit.
535 2140 613 2185 10.
653 2140 728 2184 Ad
756 2140 879 2194 hoc,
918 2138 1053 2184 ritus
1081 2152 1281 2195 quoque
1309 2141 1360 2183 et
1389 2152 1498 2183 mos
1529 2136 1833 2195 auspicandi

226 2206 439 2252 eandem
477 2217 591 2251 esse
630 2205 1039 2252 observationem
1083 2206 1264 2263 docet3
1321 2218 1439 2251 nam
1483 2204 1834 2262 magistratus,

226 2273 433 2329 quando
454 2286 555 2317 una
576 2272 657 2318 die
679 2271 755 2318 eis
776 2272 1136 2330 suspicandum
1160 2274 1256 2331 est,
1278 2274 1330 2317 et
1351 2272 1419 2327 id,
1444 2284 1598 2329 super
1617 2284 1716 2328 quo
1739 2282 1833 2315 au·

228 2337 575 2397 spicaverunt‚
597 2340 863 2397 agendum,
878 2343 995 2396 post
1016 2339 1237 2385 mediam
1257 2344 1458 2385 noctem
1479 2337 1830 2396 auspicantur,

226 2410 280 2453 et
300 2408 421 2463 post
437 2405 701 2452 meridiem
722 2406 833 2452 sole
852 2418 1064 2464 magno3
1089 2406 1442 2463 auspicatique
1462 2418 1576 2452 esse
1597 2409 1649 2451 et
1659 2405 1830 2461 egisse

228 2486 300 2519 ex
328 2471 505 2519 eodem
537 2472 619 2518 die
650 2471 907 2521 dicuntur.
992 2474 1072 2517 11.
1110 2473 1388 2519 Praeterea
1416 2471 1609 2518 tribuni
1639 2472 1830 2531 plebei,

227 2551 359 2597 quos
389 2540 587 2584 nullum
621 2539 754 2585 diem
782 2540 959 2585 abesse
989 2539 1148 2585 Roma
1168 2539 1306 2595 licet,
1343 2552 1456 2584 cum
1475 2542 1594 2595 post
1614 2538 1834 2585 mediam

226 2607 433 2653 noctem
461 2606 881 2663 proficiscuntur,
921 2607 973 2652 et
1000 2608 1120 2663 post
1145 2606 1360 2665 primam
1385 2607 1549 2652 facem
1575 2608 1693 2651 ante
1721 2619 1830 2651 me-

226 2673 363 2719 diam
410 2678 703 2729 sequentem
747 2676 1078 2719 revertuntur
1097 2707 1110 2729 ,
1164 2687 1266 2720 non
1314 2673 1556 2719 dicuntur
1600 2674 1832 2719 abfuisse

226 2753 386 2785 unum
412 2738 569 2799 diem5
609 2740 813 2799 quando
841 2741 959 2787 ante
986 2740 1162 2789 horam
1190 2741 1360 2789 noctis
1388 2744 1584 2786 sextam
1606 2738 1830 2797 regressi
