2134 3091
326 186 429 239 318
832 186 1047 234 AULI
1119 186 1434 232 GELLH

330 322 445 355 esse
466 304 692 354 omnium
709 318 881 351 rerum
902 304 1089 351 fatales
1107 304 1435 363 viderentur,
1474 301 1678 351 infinito
1698 316 1864 363 prope
1883 306 1946 351 et

332 371 696 421 innumerabili
724 385 937 418 numero
968 386 1218 418 annorum
1245 372 1310 418 ad
1339 371 1554 417 eundem
1582 371 1775 430 locum,
1817 384 1944 417 cum

332 441 513 488 eodem
538 439 713 486 babitu
748 438 902 485 simul
937 451 1113 485 omnes
1141 441 1402 497 profectae
1423 441 1567 497 sunt,
1611 436 1844 495 regredi;
1878 440 1946 481 ut

333 522 499 564 neque
528 507 670 553 ullus
702 506 1082 552 observationis
1112 508 1288 565 tenor,
1327 519 1490 563 neque
1518 504 1798 552 memoriae
1823 503 1946 549 ulla

336 575 527 633 effigies
555 573 822 618 literarum
841 575 986 618 tanto
1008 585 1140 619 aevo
1160 572 1430 631 potuerint
1449 574 1507 617 ed
1516 585 1684 617 urare.
1741 574 1821 618 19.
1841 571 1945 616 At-

335 655 432 699 que
461 640 596 686 illud
625 640 781 685 etiam
811 638 1032 685 cuimodi
1044 636 1202 686 ‘esset
1233 638 1669 687 considerandum
1697 637 1942 696 putabat3

336 707 471 765 quod
493 706 637 752 aliud
658 706 924 752 stellarum
945 702 1128 764 agmen
1149 709 1286 754 foret
1299 739 1314 762 ,
1347 719 1449 764 quo
1471 707 1688 763 primum
1708 710 1944 761 tempore

336 772 695 831 conciperetur
718 773 867 819 bomo
889 772 945 817 in
964 775 1114 822 utero
1138 774 1334 828 matris,
1365 771 1508 818 aliud
1541 775 1721 831 postea
1739 784 1856 817 cum
1881 770 1940 815 in

338 839 517 885 decem
552 840 809 884 mensibus
846 839 1099 897 proximis
1126 841 1182 886 in
1211 841 1377 887 lucem
1415 840 1676 895 ederetur3
1716 850 1940 895 quaere·

340 909 552 965 batque,
583 905 673 963 qui
694 905 1023 965 conveniret,
1055 906 1316 954 diversam
1335 920 1490 963 super
1509 905 1690 953 eodem
1707 904 1819 951 fieri
1841 905 1935 951 de-

339 970 789 1019 monstrationem:
830 973 903 1032 si,
947 975 1003 1019 ut
1031 972 1138 1031 ipsi
1164 976 1432 1033 putarent,
1473 974 1608 1019 alius
1629 975 1781 1030 atque
1801 972 1944 1018 alius

338 1039 613 1085 earundem
642 1040 913 1087 stellarum
938 1040 1071 1086 situs
1105 1045 1258 1099 atque
1279 1041 1460 1087 ductus
1482 1040 1614 1087 alias
1633 1044 1786 1097 atque
1805 1039 1942 1085 alias

340 1108 573 1153 fortunas
595 1107 753 1153 daret.
823 1109 905 1153 20.
948 1108 1052 1153 Sed
1071 1110 1126 1154 et
1143 1109 1435 1167 nuptiarum
1456 1110 1705 1165 tempore,
1737 1118 1802 1153 ex
1825 1105 1942 1163 qui-

338 1176 432 1221 bus
453 1173 603 1220 liberi
634 1177 1019 1231 quaererentur,
1058 1178 1210 1233 atque
1241 1175 1358 1234 ipso
1381 1174 1534 1221 etiam
1564 1173 1661 1219 illo
1683 1171 1841 1219 maris
1861 1175 1944 1218 at-

338 1254 434 1299 que
455 1241 675 1287 feminae
698 1242 857 1297 coitu,
888 1242 989 1287 iam
1010 1241 1264 1288 declarari
1283 1245 1526 1301 oportere
1549 1241 1768 1297 dicebat,
1797 1242 1942 1287 certo

338 1308 556 1365 quodam
576 1312 628 1354 et
646 1307 941 1355 necessario
962 1309 1232 1355 stellarum
1252 1308 1462 1367 ordine,
1491 1308 1671 1365 quale·
1701 1306 1944 1365 qualique

338 1376 549 1421 fortuna
567 1375 799 1421 homines
819 1375 1178 1434 gignerentur:
1201 1390 1259 1422 ac
1278 1376 1442 1422 multo
1464 1376 1616 1422 etiam
1637 1378 1776 1431 ante,
1791 1387 1944 1432 quam

340 1445 485 1500 pater
515 1443 624 1501 ipse
652 1446 804 1500 atque
831 1446 997 1488 mater
1015 1446 1376 1499 nascerentur,
1417 1456 1486 1489 ex
1507 1456 1684 1489 eorum
1703 1440 1944 1499 genitura

342 1508 577 1557 debuisse
610 1508 711 1556 iam
742 1513 849 1555 tum
880 1509 1136 1568 prospici,
1177 1509 1382 1569 quinam
1411 1508 1540 1556 olim
1566 1508 1730 1556 futuri
1749 1510 1942 1562 essent,

343 1589 473 1634 quos
493 1576 535 1622 ii
554 1576 778 1622 creaturi
802 1577 988 1633 forent,
1001 1581 1053 1623 et
1063 1590 1219 1636 supra
1230 1579 1385 1635 longe
1397 1580 1548 1633 atque
1567 1577 1726 1636 longe
1745 1587 1837 1634 per
1856 1575 1944 1621 in·-

345 1642 563 1688 finitum:
598 1643 681 1704 ut,
712 1641 757 1688 si
779 1642 1057 1700 disciplina
1078 1644 1176 1690 ista
1197 1644 1527 1690 fundamen-to
1548 1643 1723 1701 aliquo
1746 1643 1945 1688 verita—

341 1709 406 1756 tis
437 1707 566 1754 nixa
594 1712 697 1767 est,
736 1709 1014 1756 centesimo
1044 1725 1206 1769 usque
1233 1710 1417 1757 abhinc
1437 1711 1635 1767 seculo,
1673 1710 1757 1756 vel
1779 1709 1943 1766 magis

338 1776 503 1834 primo
532 1775 667 1821 coeli
694 1778 845 1832 atquo
875 1777 1050 1824 mundi
1069 1778 1311 1835 exordio,
1351 1781 1502 1835 atque
1529 1778 1649 1824 iude
1671 1777 1772 1824 iam
1793 1776 1942 1822 dein-

336 1855 481 1901 ceps,
520 1843 766 1888 continua
813 1840 1202 1902 :igniscationm
1242 1845 1484 1902 quotiens
1515 1845 1722 1902 generis
1758 1847 1941 1890 aueto-

335 1923 418 1955 res
440 1909 669 1956 eiusdem
689 1908 921 1967 homines
940 1914 1292 1969 nascerentur,
1309 1911 1494 1958 stellae
1517 1913 1646 1959 istae
1667 1924 1942 1970 praemon-

337 1980 501 2024 strare
524 1975 823 2035 debuerint,
861 1977 1029 2034 qualis
1052 1978 1295 2037 qualique
1318 1981 1425 2025 fato
1451 1980 1652 2024 futurus
1673 1979 1757 2032 sit,
1797 1977 1942 2035 quis-

337 2042 451 2101 quis
472 2042 625 2089 hodie
644 2044 796 2090 natus
817 2045 913 2090 est.
982 2047 1063 2092 21.
1095 2047 1212 2100 Quo
1233 2048 1422 2105 autem,
1443 2044 1627 2104 inquit,
1652 2048 1804 2104 pacto
1827 2058 1943 2090 cro-

338 2109 391 2155 di
419 2112 615 2170 potest,
645 2109 1051 2170 uniuscuiusque
1075 2112 1346 2160 stellarum
1367 2114 1562 2159 fonnae
1585 2116 1634 2159 et
1654 2110 1942 2171 positionis

338 2178 529 2224 sortem
559 2179 709 2236 atque
744 2179 1004 2226 fortunam
1029 2179 1122 2224 uni
1157 2179 1368 2226 omnino
1397 2179 1594 2225 homini
1625 2183 1816 2226 certam
1847 2179 1942 2224 de.

336 2243 675 2301 stinatamque
695 2259 831 2307 esse,
872 2258 1084 2303 eamque
1117 2247 1348 2307 formam,
1388 2249 1507 2306 post
1528 2245 1836 2306 longissima
1855 2257 1942 2292 se-

337 2309 575 2356 culorum
594 2312 775 2372 spatia,
788 2313 1013 2369 restitui,
1034 2313 1082 2359 si
1102 2312 1238 2360 vitae
1261 2313 1683 2371 fortunarumque
1705 2312 1939 2358 eiusdem

337 2375 559 2423 hominis
580 2377 789 2438 indicia,
822 2379 878 2424 in
898 2382 1003 2425 tam
1022 2379 1264 2426 brevibus
1285 2379 1578 2427 intervallis
1591 2415 1604 2440 ‚
1646 2393 1737 2438 per
1757 2378 1940 2436 singu-

334 2443 417 2488 los
439 2442 686 2490 maiorum
708 2444 819 2491 eius
839 2446 1043 2505 gradus,
1065 2459 1258 2505 perque
1279 2446 1533 2494 infinitum
1554 2446 1940 2493 successionum

336 2508 593 2569 ordinem,
637 2514 739 2556 tam
766 2525 918 2570 saepe
950 2526 1010 2558 ac
1037 2516 1139 2558 tam
1167 2513 1556 2573 multipliciter,
1595 2514 1773 2560 eadem
1806 2512 1938 2570 ipsa,

337 2589 446 2620 non
476 2577 653 2622 eadem
682 2577 949 2624 stellarum
978 2579 1112 2626 facie
1131 2580 1475 2627 denotantur?
1545 2582 1625 2626 22.
1666 2578 1863 2632 Quodsi
1882 2578 1940 2624 id

338 2641 449 2688 fleri
474 2645 668 2700 potest,
707 2657 866 2701 eaque
894 2645 1168 2693 diversitas
1202 2650 1353 2704 atque
1387 2647 1612 2694 varietas
1651 2646 1940 2694 admittitur

340 2720 433 2766 per
453 2721 629 2756 omncs
650 2709 971 2767 antiquitatis
992 2713 1200 2771 gradus,
1212 2715 1276 2761 ad
1293 2713 1628 2775 significanda
1649 2728 1826 2762 eorum
1847 2714 1940 2761 bo·-
