2134 3091
700 243 844 289 1:113.
883 245 948 289 V.
1020 243 1181 288 CAP.
1225 245 1301 288 lo.
1711 238 1815 292 13¹1

205 361 299 408 stis
320 357 548 419 gladium
577 359 818 414 reduxit,
857 361 910 404 et
936 371 1034 408 rex
1053 359 1163 404 vita·
1183 357 1405 403 donatus
1427 361 1529 412 cst,
1570 360 1623 404 et
1641 358 1821 406 adole-

205 429 356 474 scens
387 426 532 484 loqui
562 424 802 485 prorsum
832 421 1080 484 deinceps
1123 423 1339 481 incepit.
1417 425 1466 468 4.
1520 423 1820 471 Herodotus

209 497 262 541 ιιι
285 493 522 540 historiis
543 493 698 538 huius
717 489 1000 542 memoriae
1032 490 1257 550 scriptor
1280 485 1386 536 est·
1430 486 1643 547 eiusque
1666 493 1825 538 verba

207 563 342 622 sunt,
365 572 496 619 quae
518 557 683 619 prims
705 559 906 606 dixisse
927 559 1090 604 filium
1109 555 1289 603 Croesi
1309 557 1499 602 refert:
1526 551 1825 618 Ὡνθρωπε,

111 637 118 645 ·
205 625 278 692 μὴ
301 631 459 673 κτεῖνε
479 626 765 690 Κροῖσον.
806 629 850 670 5.
886 625 989 672 Sed
1017 629 1073 671 et
1100 623 1355 682 quispiam
1380 624 1583 669 samius
1606 625 1826 680 athleta,

209 699 424 766 (nomen
445 693 529 740 illi
553 689 655 740 fuit
673 687 878 754 Αἴγλης
887 690 925 750 ,)
947 697 1059 738 cum
1079 685 1232 738 anteri
1253 701 1367 736 ιιοιι
1380 690 1610 746 l'oquens
1623 691 1827 749 fuisset,

211 759 275 810 o'b
295 755 520 808 similem
541 761 731 806 dicitur
753 773 960 805 causam
979 757 1126 816 loqui
1148 757 1400 815 coepisse.
1473 759 1523 801 6.
1562 759 1692 803 Nam
1714 757 1826 802 c'um

210 830 284 875 in·
302 825 449 876 s'acr'o
489 825 768 874 certamine
806 823 1018 871 sortitio
1040 825 1197 871 iuter
1234 823 1377 882 ipsos
1408 826 1461 869 et
1497 823 1827 870 adversarios

209 909 316 942 non
344 897 481 942 bona
517 894 614 940 fide
653 892 822 952 fieret,
864 895 915 938 et
944 887 1139 938 sortem
1169 891 1393 958 nominis
1424 892 1611 941 falsam
1642 891 1828 951 subiici

211 962 689 1019 animadvertisset,
727 954 952 1018 repente·
963 959 1029 1004 ‘in
1051 967 1193 1017 eum,
1217 959 1319 1016 qui
1345 957 1399 1002 id
1423 959 1671 1013 faciebat,
1714 971 1827 1004 sese

211 1043 242 1075 ι
246 1031 408 1092 idere,
431 1028 554 1086 quid
572 1025 789 1082 taceret,
812 1027 1051 1084 magnum
1074 991 1390 1072 inclamavit.
1449 1021 1654 1084 Atque’
1639 1031 1703 1084 ιιι,
1718 1025 1827 1072 oris

215 1097 424 1143 ιίιιοιιῙο
447 1087 679 1152 solutus,
717 1107 810 1152 per
825 1096 982 1139 omne'
1001 1093 1125 1139 inde
1146 1091 1283 1170 'vitae
1304 1088 1509 1154 tempus
1534 1099 1643 1142 non
1662 1074 1827 1138 turbi-

213 1165 275 1211 de
295 1169 458 1248 neque
479 1162 700 1232 adhaese
721 1157 926 1207 locutus
949 1157 1055 1206 est.

737 1276 1173 1328 c---APUT-
1186 1277 1317 1328 ‘X

268 1361 340 1406 De
357 1349 655 1428 arg-thmuis,
677 1371 791 1427 quac
813 1357 989 1404 Graeca?
1007 1353 1672 1416 amotaeqoovwappetlantur
1696 1373 1728 1401 a
1744 1369 1829 1400 no·

325 1418 393 1462 bis·
409 1417 651 1473 reciproca
671 1414 766 1460 dica·
771 1422 979 1470 pos-unc.
1106 1437 1113 1442 ·

283 1495 330 1541 1.
367 1497 510 1541 Inter
521 1490 659 1541 'vitia
680 1495 1095 1573 argumentorum
1122 1491 1281 1553 long'e
1302 1489 1593 1540 maximum
1613 1473 1728 1538 esse
1751 1491 1830 1537 vi-

211 1564 340 1610 tium
368 1562 580 1625 videtur
604 1572 805 1619 eorum,
826 1566 981 1620 q·'uae
992 1554 1405 1623 ‹income-‘sporta
1430 1559 1615 1609 'Graeci
1635 1555 1827 1606 dicunt.

213 1636 262 1677 2.
300 1630 377 1675 Ea
398 1631 602 1689 quidam
622 1644 690 1676 ex
713 1630 934 1690 uostris,
968 1642 1075 1675 non
1093 1621 1267 1674 liei-cle
1287 1630 1453 1675 nimis
1466 1629 1711 1685 absurde,
1741 1642 1826 1673 re-

212 1702 436 1757 ciproca
456 1698 892 1755 appellaverunt.
935 1698 988 1741 2.
1026 1696 1086 1741 Id
1113 1698 1284 1741 autem
1318 1698 1501 1743 vitium
1522 1694 1713 1744 'accidit
1733 1694 1831 1741 hoc.

214 1764 392 1812 modo:
413 1778 547 1811 cum
575 1762 928 1843 argumentum
939 1761 1277 1823 'propositum'
1290 1764 1482 1812 referri
1506 1766 1685 1811 ‘contra
1706 1776 1831 1810 con-

217 1824 448 1891 vertique
479 1834 651 1891 potest
683 1831 739 1877 in
772 1836 915 1890 e'um,
957 1842 988 1877 a
1015 1841 1116 1888 quo
1144 1824 1335 1877 dictum
1352 1820 1481 1891 ''3'est
1508 1837 1579 1899 et
1587 1832 1832 1891 utrinque

219 1900 414 1958 pariter
431 1899 605 1953 valet:
644 1896 805 1955 qis-ale
828 1900 909 1943 est
935 1898 1299 1977 pervulgatum
1328 1866 1463 1945 illud'
1478 1931 1494 1955 ‚
1524 1912 1624 1958 quo
1646 1892 1815 1945 Prota

219 1966 422 2025 goram,
461 1962 811 2023 sophistarum
840 1958 1172 2021 acerrimum,
1210 1964 1359 2043 usum
1386 1970 1509 2013 esse
1532 1966 1710 2012 fe'runt
1742 1966 1835 2012 ad-

220 2032 400 2079 versus
428 2032 708 2086 Euathlum
739 2030 1048 2089 discipulum
1079 2035 1250 2077 suum:
1280 2034 1368 2078 4.
1396 2032 1453 2077 Β·
1442 2047 1484 2079 ιε
1508 2041 1723 2089 namque
1745 2033 1833 2079 in-

216 2104 298 2147 t'er
327 2110 417 2145 eos
449 2100 505 2143 et*
530 2096 888 2145 controversia
915 2098 1083 2156 'super'
1099 2103 1251 2156 ‘pacta
1278 2101 1513 2146 mercede
1552 2101 1677 2146 haec
1718 2101 1832 2145 fuit.

219 2172 270 2215 5.
307 2166 591 2223 Euathlus,
633 2164 938 2211 adolescens
979 2162 1142 2221 dives,
1182 2166 1513 2224 eloquentiae
1555 2166 1833 2212 discendae

219 2231 806 2289 causarumque-orandi
839 2228 1195 2291 cup'iens'fuit.
1267 2236 1315 2279 6.
1355 2236 1404 2279 1s
1426 2234 1481 2280 in
1504 2234 1831 2292 disciplinam

219 2304 540 2361 Protagorae
570 2314 682 2347 sese
713 2300 871 2357 dedit,
911 2299 1249 2357 daturumque
1278 2302 1519 2359 promisit
1548 2302 1831 2347 mercedem

220 2370 468 2430 grandem
495 2368 790 2429 pecuniam,
829 2370 1073 2424 quantam
1092 2367 1407 2427 Protagoras
1437 2368 1713 2427 petiverat3
1754 2370 1833 2413 di-

219 2438 532 2495 midiumque
554 2436 666 2483 eius
691 2434 865 2482 dedit'
852 2450 952 2482 nam
976 2438 1097 2482 tunc
1117 2434 1305 2494 statim,
1327 2435 1475 2494 prius
1496 2451 1645 2495 quam
1668 2436 1832 2481 disce-

224 2508 331 2551 rtet
372 2504 688 2563 pepigitque,
716 2507 776 2549 ut
793 2504 1050 2564 reliquum
1074 2501 1339 2563 dimidium
1364 2503 1527 2565 daret,
1549 2517 1650 2563 quo
1672 2504 1839 2561 primo

227 2573 314 2618 dic
344 2584 546 2617 causam
576 2572 710 2629 apud
735 2567 931 2618 iudices
964 2572 1166 2617 orasset
1194 2570 1246 2615 et
1268 2570 1495 2619 vicisset.
1570 2574 1617 2617 ⁷.
1654 2572 1842 2618 Postea

229 2654 342 2685 cum
364 2640 563 2684 diutule
584 2640 794 2685 auditor
813 2642 1201 2695 assectatorque
1222 2638 1542 2697 Protagorae
1566 2638 1769 2697 fuisset,
1790 2641 1843 2683 et

227 2708 279 2751 in
302 2706 474 2751 studio
505 2706 707 2765 quidem
733 2706 1000 2753 facundiae
1032 2706 1233 2753 abunde
1264 2708 1627 2766 promovisset,
1660 2719 1842 2752 causas

227 2780 394 2821 tamen
417 2779 524 2820 non
545 2774 816 2833 reciperet,
845 2778 1146 2834 tempusque
1168 2774 1267 2820 iam
1290 2775 1499 2834 longum
1520 2778 1845 2821 transcurre·

1334 2846 1352 2888 Ι
1394 2850 1422 2889 2.
