2134 3091
732 195 1319 244 Eplhoens.
1713 193 1822 246 46³

224 311 269 360 si
310 313 401 359 aut
440 310 653 370 cognitu
690 324 794 356 non
827 310 996 368 utilia,
1034 313 1125 356 aut
1152 317 1394 368 perceptu
1423 312 1678 372 difficilia
1713 328 1821 363 non

223 380 361 424 enim
392 378 607 426 fecimus
636 378 773 424 altos
801 377 956 423 nimis
976 379 1028 422 et
1049 380 1298 424 obscuros
1319 377 1370 422 in
1390 378 1471 424 his
1492 381 1644 426 rebus
1663 394 1823 436 quae-

222 445 445 490 stionum
468 445 636 490 sinus:
676 444 765 490 sed
792 443 1043 501 primitias
1063 445 1302 500 quasdam
1335 448 1386 490 et
1407 444 1550 500 quasi
1571 445 1824 494 libamen-

222 517 277 557 ta
312 511 651 569 ingenuarum
690 512 875 555 artium
918 510 1174 556 dedimus:
1223 523 1354 568 quae
1394 511 1555 556 virum
1597 513 1826 560 civiliter

223 570 483 624 eruditum
502 590 669 632 neque
690 576 893 622 audisse
913 589 1134 633 unquam
1153 591 1319 634 neque
1346 578 1586 635 attigisse
1599 611 1610 631 ‚
1649 579 1695 624 si
1717 593 1824 626 non

222 644 425 701 inutile,
460 646 513 689 at
534 645 739 701 quidem
760 647 900 690 certe
921 643 1221 688 indecorum
1239 645 1336 690 est.
1413 647 1489 690 14.
1527 646 1604 690 Ab
1626 645 1706 690 his
1725 646 1824 702 igi-

222 717 335 768 tur,
374 710 419 756 si
450 711 532 756 cui
564 711 703 756 forte
731 723 1102 767 nonnunquam
1131 712 1332 768 tempus
1361 711 1699 768 voluptasque
1721 711 1824 758 erit

222 777 699 824 lucubratiunculas
720 775 847 822 istas
866 787 1178 835 cognoscere
1191 809 1205 832 ‚
1242 776 1454 834 petitum
1475 777 1822 835 impetratum-

222 858 323 902 que
345 843 608 900 volumus,
649 845 705 888 ut
722 842 779 888 iu
798 843 1041 901 legendo,
1080 855 1210 898 quae
1231 843 1424 902 pridem
1446 843 1680 901 scierint,
1718 856 1824 890 non

223 915 561 968 aspernentur
578 909 726 968 quasi
746 913 870 955 nota
890 909 1280 966 invulgataque:
1335 911 1414 955 15.
1453 907 1600 971 (nam
1623 913 1674 956 et
1699 911 1824 968 quid

223 983 327 1023 tam
353 981 605 1023 remotum
633 975 687 1022 in
717 975 889 1022 literis
919 979 1024 1031 est,
1064 974 1190 1031 quin
1221 975 1271 1019 id
1293 978 1464 1020 tamen
1483 976 1825 1034 complusculi

224 1045 419 1090 sciant?
454 1047 507 1088 et
526 1042 655 1088 satis
672 1041 771 1087 boc
790 1041 1030 1087 blandum
1052 1042 1149 1099 est,
1177 1055 1282 1086 nou
1304 1054 1417 1086 esse
1436 1042 1562 1088 haec
1583 1056 1746 1100 neque
1768 1043 1824 1089 in

224 1108 419 1156 scholis
442 1109 907 1165 decantata‚neque
928 1108 983 1154 in
1004 1107 1388 1154 commentariis
1408 1107 1684 1171 protritaz)
1744 1112 1824 1155 16.
1877 1148 1882 1152 .

224 1189 353 1233 quae
374 1188 527 1234 porro
548 1187 685 1219 nova
703 1174 803 1220 sibi
824 1174 1100 1233 ignotaque
1123 1172 1450 1228 offenderint,
1478 1188 1691 1232 aequum
1707 1189 1826 1222 esse

224 1245 374 1301 puto,
416 1246 473 1288 ut
505 1241 617 1287 sine
645 1253 781 1287 vano
802 1243 1093 1288 obtrectatu
1115 1241 1472 1296 considerent,
1511 1255 1575 1287 an
1595 1241 1824 1288 minutae

222 1309 357 1355 istae
386 1307 770 1355 admonitiones
801 1307 1131 1365 pauxillulae
1159 1321 1476 1364 nequaquam
1508 1311 1678 1355 tamen
1717 1308 1824 1356 sint

223 1376 309 1422 vel
330 1375 395 1420 ad
415 1374 653 1421 alendum
674 1374 901 1420 studium
918 1374 1144 1432 ineptae,
1169 1375 1250 1421 vel
1271 1373 1332 1419 ad
1355 1375 1717 1421 oblectandum
1740 1377 1824 1420 fo-

223 1442 540 1499 vendumque
558 1441 781 1487 animum
802 1441 1051 1499 frigidae:
1087 1440 1179 1487 sed
1209 1441 1322 1488 eius
1353 1441 1565 1488 seminis
1585 1440 1822 1500 generis-

220 1523 317 1567 que
337 1509 467 1569 sint,
504 1521 576 1557 ex
596 1521 697 1566 quo
719 1507 873 1555 facile
892 1508 1201 1555 adolescant
1219 1512 1310 1556 sut
1329 1507 1540 1569 ingenia
1559 1508 1824 1557 hominum

218 1578 511 1637 vegetiora,
550 1579 639 1623 aut
656 1575 907 1623 memoria
927 1576 1372 1635 adminiculatior,
1412 1580 1504 1623 aut
1521 1576 1692 1623 oratio
1711 1576 1824 1623 sol-

218 1644 423 1699 lertior,
444 1646 533 1692 aut
555 1657 723 1691 sermo
744 1644 1114 1703 incorruptior,
1144 1647 1233 1690 sut
1253 1644 1595 1692 delectantior
1613 1643 1668 1689 in
1688 1644 1822 1700 otio,

214 1717 372 1771 atque
393 1712 591 1759 inludo
614 1710 903 1759 liberalior.
980 1713 1059 1757 17.
1099 1712 1250 1763 Quae
1278 1716 1448 1757 autem
1467 1725 1642 1769 parum
1664 1712 1824 1769 plana

218 1779 541 1831 videbuntur,
580 1778 854 1825 autminus
874 1778 1029 1835 plena
1046 1778 1415 1834 instructaque,
1455 1778 1699 1835 petimus,
1735 1776 1821 1823 in·

218 1858 385 1901 quam,
416 1848 475 1891 ut
494 1858 557 1891 ea
574 1858 680 1891 non
701 1845 919 1889 docendi
939 1844 1104 1901 inagis
1121 1878 1132 1893 ,
1155 1857 1306 1899 quam
1327 1842 1631 1890 admonendi
1650 1842 1821 1899 gratia

218 1910 411 1967 scripta
429 1910 755 1956 existiment:
777 1915 828 1955 et
848 1911 993 1965 quasi
1012 1909 1459 1955 demonstratione
1479 1908 1818 1966 vestigiorum

216 1975 449 2023 contenti
466 1978 837 2033 persequantur
858 1988 921 2021 ea
942 1980 1077 2031 post,
1091 1974 1136 2021 si
1156 1974 1356 2026 libebit,
1370 1974 1454 2019 vel
1475 1974 1623 2020 libris
1642 1987 1819 2030 reper-

214 2043 286 2091 tis
309 2043 391 2087 vel
412 2042 693 2100 magistris.
725 2043 797 2085 18.
812 2042 957 2093 Quae
980 2054 1102 2087 vero
1125 2040 1422 2097 putaverint
1438 2040 1823 2098 reprehenden-

219 2112 299 2166 da,
314 2109 412 2166 his,
426 2108 472 2153 si
492 2108 767 2164 audebunt,
779 2110 1133 2160 succenseant,
1145 2106 1281 2153 unde
1301 2119 1363 2153 ea
1382 2120 1480 2154 nos
1500 2107 1820 2166 accepimus3

216 2176 307 2223 sed
329 2174 481 2233 enim,
500 2188 627 2232 quae
646 2174 803 2221 aliter
820 2174 956 2231 apud
976 2174 1135 2219 alium
1158 2173 1350 2233 scripta
1369 2173 1615 2232 legerint,
1627 2186 1693 2219 nc
1715 2172 1818 2220 iam

216 2242 387 2289 statim
419 2244 608 2287 temere
638 2242 961 2297 obstrepant:
1000 2242 1094 2287 sed
1123 2244 1175 2286 et
1196 2240 1430 2287 rationes
1461 2252 1632 2287 rerum
1650 2241 1702 2285 et
1721 2253 1814 2286 au-

216 2309 481 2355 ctoritates
503 2308 765 2353 hominum
785 2307 1056 2363 pensitent,
1089 2322 1216 2363 quos
1238 2308 1338 2364 illi,
1370 2321 1596 2365 quosque
1617 2319 1712 2352 nos
1732 2320 1816 2353 se·-

216 2374 320 2422 cuti
343 2388 532 2420 sumus.
604 2376 683 2419 19.
720 2374 839 2419 Erit
858 2378 1026 2420 autem
1049 2374 1100 2419 id
1125 2376 1280 2433 longe
1303 2374 1573 2434 optimum,
1613 2376 1688 2429 ut,
1728 2372 1815 2430 qui

182 2497 187 2504 ,
216 2442 271 2488 in
292 2441 596 2500 lectitando,
628 2441 921 2501 scribendo,
954 2442 1363 2499 commentando,
1384 2453 1641 2497 nunquam
1665 2438 1818 2486 volu-

216 2511 401 2567 ptates,
429 2521 685 2565 nunquam
705 2507 909 2553 labores
937 2512 1208 2565 ceperunt,
1239 2509 1412 2555 nullas
1433 2508 1531 2553 hoc
1551 2519 1712 2565 genus
1733 2504 1818 2551 vi·-

214 2573 369 2633 gilias
400 2574 710 2633 vigilarunt,
727 2630 732 2633 ι
750 2587 915 2631 neque
943 2574 1071 2619 ullis
1102 2576 1241 2621 inter
1269 2575 1500 2622 eiusdem
1519 2576 1697 2619 Musae
1727 2586 1813 2619 ae-

212 2642 386 2687 mulos
424 2641 797 2688 certationibus
840 2641 1402 2701 disceptationibusque
1441 2638 1814 2701 percontando,

218 2708 503 2773 scribendo,
525 2707 725 2756 elimati
745 2712 881 2771 sunt,
904 2708 995 2756 sed
1014 2708 1437 2769 intemperiarum
1455 2708 1810 2768 negotiorum-
