2134 3091
352 187 421 240 ¹1⁰
858 190 1072 238 AULI
1127 191 1443 236 GELLH

353 323 469 358 cum
487 301 704 370 [tamen]
728 320 791 353 ex
815 305 943 365 ipsis
963 306 1116 352 rebus
1137 307 1390 354 vocabula
1411 305 1644 352 colorum
1667 307 1951 366 mutuetur3

354 379 407 423 et
427 377 631 435 igneum
654 374 850 432 aliquid
871 374 1013 429 dicit,
1044 377 1096 419 et
1117 374 1418 434 flammeum,
1449 376 1502 419 et
1521 373 1880 434 sanguineum,
1901 379 1954 421 et

355 454 609 502 croceum,
633 444 684 488 et
706 441 975 498 ostrinum,
998 443 1052 484 et
1073 453 1299 486 aureum.
1369 445 1415 486 6.
1437 439 1631 488 Russus
1653 441 1788 486 enim
1811 440 1956 487 color

353 513 407 557 et
429 509 585 556 ruber
605 508 737 554 nihil
768 521 799 554 a
816 506 1070 553 vocabulo
1091 504 1202 564 rufi
1221 507 1496 568 differunt,
1539 521 1704 565 neque
1725 507 1956 583 proprie·

352 580 487 624 tates
513 576 627 623 eius
650 588 827 621 omnes
850 573 1140 631 declarant,
1179 567 1378 625 ξανθὸς
1397 577 1564 620 autem
1590 578 1642 620 et
1661 566 1887 636 ἐρυθρός
1907 579 1958 622 et

351 637 548 706 πυρῤός
580 646 632 689 et
651 639 824 704 φοῖνιξ
855 641 1042 686 habere
1071 641 1312 697 quasdam
1342 640 1614 686 distantias
1641 641 1836 686 colons
1863 642 1956 688 ruli

354 710 628 767 videntur,
666 708 751 754 vel
776 711 1026 764 augentes
1046 720 1182 769 eum,
1215 707 1298 753 vel
1318 707 1656 767 remittentes,
1689 708 1769 754 vel
1793 707 1958 754 mixta

354 777 575 834 quadam
604 777 774 832 specie
803 777 1167 833 temperantes.
1239 776 1284 819 7.
1323 775 1452 820 Tum
1478 775 1678 821 Fronto
1705 776 1766 821 ad
1787 775 1956 821 Favo-

352 844 552 890 rinum:
591 844 709 888 Non
730 841 951 896 infitias,
988 841 1175 900 inquit,
1198 840 1354 901 imus,
1397 841 1516 898 quin
1537 841 1722 900 lingua
1743 842 1954 903 Graeca,

354 923 501 968 quam
522 912 575 955 tu
598 909 775 954 videre
798 907 1006 968 legisse,
1024 907 1288 968 prolixior
1309 908 1576 967 fusiorque
1598 911 1684 968 sit,
1697 922 1846 966 quam
1863 922 1957 956 no·

356 981 491 1023 stra:
532 977 624 1022 sed
653 975 707 1021 in
737 977 818 1022 his
848 978 1017 1021 tamen
1044 975 1336 1034 coloribus,
1366 977 1550 1033 quibus
1579 977 1731 1022 modo
1753 977 1954 1038 dixisti,

356 1043 709 1105 designandis,
723 1056 828 1089 uon
851 1043 1067 1100 perinde
1090 1043 1272 1102 inopes
1292 1054 1482 1102 sumus,
1503 1046 1565 1088 ut
1587 1043 1682 1088 tibi
1704 1043 1955 1091 videmur.

352 1116 402 1160 8.
440 1113 559 1160 Non
578 1111 717 1158 enim
737 1110 862 1156 haec
882 1112 1006 1156 sunt
1023 1109 1138 1158 sola
1156 1110 1408 1156 vocabula
1425 1111 1596 1156 rufum
1619 1111 1850 1157 colorem
1868 1112 1956 1156 de-

349 1179 725 1234 monstrantia,
763 1191 893 1235 quae
917 1180 971 1223 tu
990 1178 1144 1224 modo
1165 1175 1369 1235 dixisti,
1391 1177 1544 1238 rasus
1567 1181 1619 1224 et
1639 1179 1830 1237 ruber,-
1865 1179 1954 1224 sed

351 1247 458 1293 alia
479 1260 681 1304 quoque
700 1247 943 1291 habemus
964 1245 1132 1304 plura,
1145 1258 1294 1302 quam
1315 1257 1446 1300 quae
1467 1243 1604 1290 dicta
1624 1245 1712 1291 abs
1728 1248 1782 1291 te
1797 1246 1957 1292 Grae-

350 1329 409 1360 ca
430 1317 572 1360 suut:
612 1313 785 1359 fulvus
815 1311 953 1357 enim
986 1315 1037 1356 et
1070 1311 1232 1357 flavus
1262 1315 1316 1357 et
1332 1310 1545 1356 rubidus
1567 1316 1620 1358 et
1639 1313 1955 1370 phoeniceus

352 1383 407 1425 et
434 1381 626 1426 rutilus
656 1383 708 1424 et
729 1379 897 1424 luteus
928 1380 979 1422 et
1008 1379 1190 1435 spadix
1214 1377 1592 1436 appellationes
1615 1383 1734 1426 sunt
1753 1379 1849 1425 rufi
1869 1393 1954 1426 co-

348 1447 499 1504 loris,
522 1449 609 1492 aut
630 1449 872 1492 acuentes
894 1458 1009 1489 eum
1032 1445 1174 1500 quasi
1197 1445 1554 1505 incendentes,
1571 1450 1661 1492 aut
1681 1461 1792 1493 cum
1814 1446 1957 1493 colo-

349 1527 410 1561 re
440 1513 595 1560 viridi
624 1513 925 1569 miscentes,
964 1515 1055 1557 aut
1083 1512 1235 1573 nigro
1266 1511 1612 1570 infuscantes,
1651 1519 1741 1561 aut
1761 1515 1956 1561 virenti

350 1582 547 1627 sensim
585 1581 705 1627 albo
736 1579 1114 1625 illuminantes.
1183 1584 1230 1627 9.
1268 1582 1396 1627 Νιιιιι
1425 1581 1768 1643 phoeniceus,
1807 1596 1958 1640 quem

350 1654 408 1694 tu
434 1650 628 1695 Graece
648 1646 850 1709 φοίνικα
874 1645 1078 1721 dixisti,
1119 1652 1302 1694 noster
1323 1651 1416 1707 est,
1441 1652 1494 1694 et
1511 1650 1726 1705 rutilus,
1767 1652 1820 1695 et
1839 1663 1958 1708 spa-

322 1716 440 1779 ⁶(lix
472 1710 751 1774 phoenicei
780 1706 1098 1772 συιώνυμος,
1139 1714 1224 1771 qui
1253 1715 1420 1761 factus
1443 1716 1638 1763 Graece
1657 1720 1836 1765 noster
1857 1721 1956 1779 est,

352 1782 741 1831 exuberantiam
772 1779 1200 1838 splendoremque
1224 1780 1480 1839 significat
1507 1784 1738 1843 tahon-iu
1779 1785 1958 1841 quales

352 1853 472 1897 suut
497 1850 693 1895 fructus
722 1848 922 1905 palmae
950 1848 1154 1895 arboris
1181 1862 1287 1893 non
1320 1848 1588 1896 admodum
1611 1852 1722 1897 sole
1743 1852 1984 1909 incocti‚‘

349 1917 490 1967 unde
512 1916 733 1976 spadicis
754 1918 805 1961 et
825 1913 1100 1974 phoenicei
1117 1928 1304 1961 nomen
1329 1919 1424 1962 est.
1475 1919 1551 1963 lo.
1582 1918 1800 1976 Spadica
1820 1920 1958 1967 enim

348 1984 534 2032 Dorici
574 1986 765 2031 vocant
796 1983 1031 2029 avulsum
1062 1996 1092 2028 e
1119 1982 1290 2041 palma
1321 1984 1574 2031 termitem
1613 1999 1724 2031 cum
1766 1988 1958 2032 fructu.

352 2054 434 2099 11.
471 2052 668 2099 Fulvus
696 2053 865 2097 autem
899 2050 1127 2111 videtur,
1169 2050 1231 2095 de
1259 2052 1375 2096 rufo
1397 2057 1547 2109 atque
1570 2052 1722 2098 viridi
1745 2054 1959 2115 mixtus,

351 2120 408 2166 in
430 2120 549 2167 aliis
570 2119 686 2177 plus
710 2116 912 2176 viridis,
934 2115 989 2162 in
1010 2116 1130 2161 aliis
1148 2115 1265 2173 plus
1286 2118 1378 2163 rufi
1399 2118 1608 2166 habere:
1629 2120 1768 2166 sicut
1783 2122 1960 2179 poeta,

353 2190 628 2234 verborum
660 2182 1111 2243 diligentissimus,
1137 2183 1354 2244 faloam
1382 2188 1615 2245 aquilam
1645 2186 1774 2234 dicit
1805 2190 1856 2233 et
1875 2189 1960 2233 ia-

354 2254 566 2314 spidem,
576 2255 760 2315 flavos
778 2253 1007 2312 galeros,
1019 2254 1072 2296 et
1075 2252 1284 2313 fulvum
1307 2268 1510 2311 aurum,
1535 2257 1584 2299 et
1605 2268 1824 2301 arenam
1837 2254 1962 2313 ful-

350 2336 471 2367 vam
500 2325 554 2366 et
568 2320 779 2380 fulvum
807 2319 1033 2379 leonem,-
1074 2318 1250 2375 sieque
1285 2320 1346 2373 Q.
1383 2320 1586 2365 Ennius
1608 2320 1660 2365 in
1683 2322 1962 2367 annalibus

353 2402 481 2435 aere
504 2386 663 2448 fulvo
694 2386 848 2433 dixit.
920 2389 997 2432 12.
1038 2384 1236 2433 Flavus
1265 2392 1448 2434 eontra
1475 2386 1686 2435 videtur
1707 2402 1773 2435 ex
1800 2386 1962 2434 viridi

353 2459 407 2502 et
427 2456 547 2501 rufo
568 2456 621 2499 et
642 2454 759 2499 albo
784 2456 1084 2509 concretus3
1124 2452 1473 2514 sicflaventes
1493 2470 1688 2511 comae,
1720 2458 1788 2515 et,
1822 2454 1964 2513 quod

351 2520 528 2569 mirari
552 2520 794 2578 quosdam
815 2519 983 2578 video,
991 2519 1207 2581 frontes
1231 2525 1464 2568 olearum
1489 2534 1518 2565 a
1539 2522 1758 2580 Virgilio
1785 2522 1969 2568 dicun-

352 2593 441 2634 tur
452 2586 659 2649 flavae.
717 2589 795 2633 13.
828 2586 913 2633 Sic
941 2586 1106 2632 multo
1128 2590 1249 2632 ante
1269 2589 1525 2635 Pacuvius
1547 2604 1738 2648 aquam
1746 2588 1969 2649 flavam

356 2654 519 2711 dixit,
554 2658 607 2700 et
611 2654 820 2715 flavum
834 2656 1134 2713 pulverum
1172 2654 1317 2699 cuius
1339 2666 1542 2711 versus,
1580 2655 1824 2712 quoniam
1844 2659 1970 2702 sunt

358 2720 737 2784 iucundissimi,
761 2720 930 2767 libens
951 2720 1298 2768 commemini;
