2134 3091
603 222 763 268 blB.
803 222 1021 269 xvnl.
1094 223 1272 269 cAP.
1314 227 1360 269 4.
1679 218 1782 269 413

168 340 433 400 sanguine
450 340 503 387 et
518 340 745 387 medulla
760 339 1003 386 Sallustii
1016 340 1312 396 verborum;
1337 339 1631 385 3.hesterno
1643 338 1779 387 enim

171 408 257 454 die
282 410 626 466 quaerebatur
646 422 717 454 ex
736 406 1086 466 me,quidnam
1107 407 1259 452 verba
1279 406 1394 452 eius
1410 406 1536 451 haec
1556 406 1608 450 in
1628 421 1778 465 quar-

172 478 227 520 to
250 475 600 520 Historiarum
632 476 767 521 libro
799 474 861 520 de
883 475 975 519 Cn.
998 473 1220 519 Lentulo
1250 474 1442 531 scripta
1469 472 1778 533 significent,

172 541 236 586 de
261 555 363 598 quo
387 543 638 587 incertum
660 541 820 587 fuisse
841 540 933 598 ait,
955 540 1270 587 stolidiorne
1294 541 1455 601 esset,
1489 552 1557 585 an
1579 538 1774 585 vanior.

170 609 221 652 4.
266 608 445 665 anue
470 608 580 665 ipsa
601 610 784 667 verba,
820 608 894 653 uti
917 610 1036 654 sunt
1056 621 1088 654 a
1109 606 1363 653 Sallustio
1385 607 1594 665 scripta,
1618 605 1778 654 dixit:

170 672 239 719 Ae
265 678 357 720 Cn.
371 676 617 720 Lentulus
630 676 903 733 patriciae
918 677 1100 735 gentis,
1125 675 1329 734 collega
1347 676 1471 733 eius,
1493 675 1578 719 eui
1593 687 1775 731 cognu-

170 749 394 786 mencnm
418 742 671 787 Clodiano
680 741 816 802 faie,
843 744 1195 800 perincertum
1216 740 1459 787 stole'dt‘or
1480 755 1548 787 an
1572 741 1777 793 vanior,

173 808 334 865 legem
357 808 417 853 de
431 810 675 867 pecunia,
696 822 849 867 quam
875 809 1027 855 Sulla
1048 810 1326 854 emtoribus
1351 809 1594 853 bonorum
1617 810 1773 852 reme·-

169 881 340 925 κεναὶ,
362 877 615 934 exe‘genda
630 877 999 935 promulgavit.
1073 878 1120 920 5.
1159 874 1460 927 Quaesitum
1484 887 1608 932 ergo
1631 886 1693 919 ex
1719 887 1774 920 se

172 941 529 998 Apollinaris,
568 954 731 999 neque
756 940 807 986 id
838 956 893 988 se
922 940 1214 988 dissolvere
1250 942 1478 999 potuisse
1507 952 1774 987 assevera-

171 1010 277 1065 bat,
314 1007 437 1065 quid
458 1012 593 1054 esset
614 1010 817 1065 vanior,
851 1012 904 1055 et
922 1007 1043 1066 quid
1065 1004 1344 1054 stolidior?
1397 1007 1636 1063 quoniam
1659 1007 1771 1053 Sal-

176 1074 366 1119 lustius
404 1074 479 1119 sic
528 1089 589 1121 ea
635 1087 932 1132 separasse,
991 1078 1144 1131 atque
1183 1075 1488 1132 opposuisse
1541 1072 1677 1118 inter
1715 1086 1771 1119 se

173 1140 461 1199 videretur,
504 1143 746 1198 tanquam
774 1142 979 1187 diversa
995 1154 1054 1187 ac
1085 1140 1389 1201 dissimilia,
1430 1153 1524 1185 nec
1542 1139 1772 1185 eiusdem

169 1210 391 1265 utraque
412 1207 527 1254 vitii
553 1210 749 1254 forent:
779 1221 840 1254 ae
860 1211 1133 1266 propterea
1151 1208 1370 1267 petebat,
1389 1206 1466 1253 uti
1487 1218 1542 1251 se
1564 1205 1774 1252 doceret

170 1274 577 1331 significationes
599 1274 865 1332 utriusque
886 1276 1030 1321 vocis
1051 1277 1104 1319 et
1124 1274 1371 1332 origines.
1445 1277 1492 1319 c.
1529 1272 1656 1318 Tum
1678 1273 1772 1319 ille

170 1342 304 1386 rictu
336 1341 443 1386 oris
464 1342 823 1399 labearumque
844 1343 997 1387 ductu
1019 1341 1275 1387 contemni
1297 1353 1402 1386 ase
1423 1338 1700 1386 ostenden
1721 1342 1773 1385 et

170 1420 297 1462 rem,
332 1407 393 1453 de
415 1421 511 1464 qua
532 1414 881 1465 quaereretur,
898 1412 949 1455 et
967 1409 1222 1454 hominem
1247 1408 1426 1466 ipsum,
1449 1407 1538 1465 qui
1560 1420 1771 1465 quaere-

171 1477 275 1519 ret:
313 1474 623 1529 Priscorum,
646 1476 829 1533 inquit,
847 1479 897 1521 et
919 1479 1231 1523 remotorum
1253 1488 1349 1533 ego
1372 1477 1642 1521 verborum
1663 1487 1770 1519 me-

173 1541 343 1586 dullas
366 1544 417 1586 et
436 1543 755 1602 sanguinem,
769 1544 922 1590 sicuti
945 1542 1076 1595 dixi,
1091 1542 1381 1602 perspicere
1401 1547 1453 1588 et
1472 1542 1661 1589 elicere
1683 1555 1774 1588 so-

174 1608 260 1653 leo
276 1621 290 1664 ;
306 1621 409 1653 non
426 1609 799 1669 istorum,quae
815 1612 1114 1669 proculcata
1137 1610 1292 1669 vulgo
1315 1615 1366 1656 et
1386 1610 1608 1669 protrita
1629 1615 1768 1654 sunt.

25 1687 28 1758 Ξ
102 1707 109 1712 -
173 1676 293 1732 lpso
326 1674 421 1721 illo
443 1677 627 1736 quippe
650 1679 739 1722 Cn.
763 1679 985 1724 Lentulo
1006 1678 1252 1724 stolidior
1273 1681 1420 1724 estet
1443 1678 1653 1734 vanior,
1682 1676 1768 1734 qui

172 1741 381 1798 ignorat
415 1743 641 1789 eiusdem
674 1745 929 1791 stultitiae
960 1759 1075 1791 esse
1113 1745 1394 1792 vanitatem
1434 1748 1485 1790 et
1504 1744 1768 1790 stolidita-

173 1811 288 1853 tem.
358 1810 405 1854 'l'-
444 1809 540 1855 Sed
565 1809 649 1854 ubi
685 1810 783 1855 hoc
807 1811 969 1868 dixit,
1007 1812 1174 1857 media
1197 1812 1310 1869 ipsa
1333 1811 1768 1888 sermonum'teli-

172 1875 308 1932 quit,
348 1877 399 1920 et
428 1875 571 1921 abire
601 1876 787 1933 coepit.
858 1879 907 1920 8.
944 1879 1050 1922 Nos
1081 1878 1264 1923 deinde
1302 1891 1416 1922 eum
1451 1879 1767 1934 tenebamus,

171 1942 590 1998 urgebamusque,
612 1944 663 1986 et
685 1942 977 1998 cumprimis
999 1943 1322 2000 Apollinaris
1337 1972 1350 1996 ,
1387 1945 1445 1987 ut
1465 1944 1527 1987 de
1550 1943 1770 1987 vocabu-

173 2006 341 2052 lorum
362 2007 576 2052 istorum
599 2006 683 2052 vel
706 2006 1010 2065 differentia,
1044 2009 1144 2065 vel,
1167 2009 1211 2053 si
1235 2008 1279 2053 ei
1305 2008 1377 2053 ita
1399 2007 1677 2064 videretur,
1697 2007 1768 2053 si-

172 2072 463 2119 militudine
486 2072 690 2131 plenius
711 2074 1042 2130 apertiusque
1062 2073 1366 2132 dissereret3
1407 2077 1476 2133 et,
1506 2075 1566 2119 ut
1582 2085 1648 2118 ne
1673 2073 1770 2118 sibi

174 2139 445 2198 invideret,
474 2139 671 2184 discere
693 2139 1003 2196 volentibus,
1035 2143 1233 2187 orabat.
1305 2145 1352 2186 9.
1388 2141 1555 2196 Atque
1576 2138 1686 2195 ille,
1713 2153 1769 2186 se

174 2205 271 2250 iam
302 2204 454 2262 plane
481 2205 637 2251 illudi
665 2207 808 2251 ratus
825 2237 839 2263 ,
878 2207 1140 2265 negotium
1163 2207 1261 2253 sibi
1284 2219 1397 2254 esse
1418 2208 1678 2261 causatur,
1717 2210 1768 2252 et

174 2271 473 2328 digreditur.
548 2275 625 2318 1⁰.
661 2273 771 2317 Nos
802 2276 969 2318 autem
997 2276 1178 2332 postea
1216 2288 1283 2321 ex
1313 2272 1606 2331 Apollinari
1639 2272 1770 2318 didi-

174 2337 363 2396 cimus,
397 2352 557 2385 vanos
578 2339 790 2396 proprie
811 2339 937 2395 dici,
964 2353 1072 2386 non
1094 2344 1149 2385 ut
1173 2341 1356 2399 vulgus
1381 2339 1597 2398 diceret,
1633 2341 1768 2385 desi-

172 2404 391 2464 pientes,
416 2410 503 2452 aut
522 2406 745 2464 hebetes,
768 2408 856 2450 aut
879 2405 1098 2465 ineptos,
1123 2409 1228 2467 sed,
1250 2411 1307 2454 ut
1329 2412 1553 2452 veterum
1575 2406 1769 2452 doctis-

172 2470 286 2517 simi
307 2471 591 2530 dixissent,
620 2472 919 2531 mendaces,
949 2476 1000 2519 et
1022 2472 1228 2535 infidos,
1259 2478 1310 2520 et
1330 2473 1469 2519 levia
1488 2473 1767 2530 inaniaque

172 2551 262 2597 pro
286 2539 526 2596 gravibus
547 2541 598 2585 et
618 2539 755 2584 veris
787 2539 1101 2585 astutissime
1123 2543 1512 2600 componentes:
1550 2540 1768 2586 stolidos

171 2605 535 2666 antemi-'ocari
557 2618 662 2651 non
682 2609 786 2651 tam
808 2606 997 2652 stultos
1018 2609 1070 2652 et
1090 2607 1366 2663 excordes,
1405 2619 1553 2664 quam
1581 2608 1765 2665 tetros,

170 2675 223 2718 et
251 2671 527 2730 molestos,
568 2676 619 2718 et
648 2672 919 2730 illepidos‚
959 2687 1087 2730 quos
1121 2673 1302 2720 Graeci
1331 2665 1644 2735 μοχθηροῦς
1681 2673 1766 2718 καὶ

169 2734 440 2803 φορτικούς
463 2739 707 2787 dicerent.
772 2741 824 2786 ll
873 2739 1056 2800 Etyma
1077 2753 1276 2800 quoque
1296 2741 1476 2789 harum
1497 2753 1693 2800 vocum,
1716 2743 1768 2788 et
