2134 3091
312 234 417 285 354
820 238 1031 283 AUL!
1088 236 1405 313 GELNLII

313 356 391 401 tio
412 355 547 412 apud
564 354 830 413 Aquilium
854 354 1061 399 Gallum
1090 353 1310 399 iudicem
1332 351 1489 405 dixit,
1531 361 1626 397 sex
1653 352 1706 395 et
1727 348 1918 407 viginti

314 422 439 469 anni
458 422 802 480 reperiuntur.
872 422 1052 477 Neque
1074 420 1278 466 dubium
1297 423 1399 474 est,
1431 418 1553 475 quin
1574 421 1689 475 post
1713 430 1922 473 annum,

316 502 467 545 quam
497 502 591 547 pro
614 487 833 541 Quintio
858 486 1092 541 dixerat,
1130 487 1254 532 Sex.
1277 486 1514 531 Roscium
1535 498 1680 531 reum
1701 483 1924 541 parrici-

317 555 389 603 dii
410 554 716 610 defenderit,
740 566 903 598 annos
926 554 1027 599 iam
1046 555 1240 611 septem
1259 554 1310 598 et
1331 551 1518 609 viginti
1537 553 1706 605 natus,
1727 552 1784 595 L.
1797 550 1924 595 Sul-

316 621 371 666 la
398 622 574 670 Felice
607 622 673 665 11.
699 620 761 672 Q.
794 619 1015 665 Metello
1047 620 1143 664 Pio
1173 619 1488 665 consulibus.
1557 620 1604 663 4.
1643 620 1702 662 In
1735 630 1834 673 qua
1861 629 1925 661 re

318 688 473 734 etiam
494 686 842 733 Fenestellam
862 698 1063 732 errasse
1076 720 1088 744 ‚
1127 686 1384 731 Pedianus
1403 684 1660 729 Asconius
1689 683 1925 728 animad-

319 754 495 813 vertit,
520 752 653 810 quod
674 766 785 801 eum
808 752 1080 811 scripserit
1099 754 1250 799 sexto
1275 754 1328 797 et
1349 750 1594 797 vicesimo
1617 750 1806 795 aetatis
1828 762 1928 794 an-

319 834 390 866 no
412 833 504 878 pro
528 822 649 867 Sex.
704 818 894 864 Roscio
919 817 1140 865 dixisse.
1213 822 1260 865 5.
1301 818 1532 875 Longior
1555 820 1720 863 autem
1743 818 1926 874 Nepo-

318 887 421 946 tis,
465 898 611 942 quam
640 885 967 931 Fenestellae
999 899 1148 931 error
1177 887 1284 945 est;
1323 885 1426 931 nisi
1459 884 1572 941 quis
1600 884 1715 929 vult
1735 883 1789 928 in
1809 882 1930 927 ani-

308 967 454 1003 ‚mum
479 952 753 1009 inducere,
794 952 1047 1010 Nepotem
1069 952 1242 997 studio
1263 952 1454 998 amoris
1476 953 1530 997 et
1549 950 1810 996 amicitiae
1831 950 1926 993 ad-

321 1022 555 1073 ductum,
602 1018 988 1076 amplificandae
1020 1017 1381 1065 admirationis
1411 1017 1605 1077 gratia,
1645 1016 1926 1073 quadrien-

320 1087 468 1133 nium
504 1085 881 1143 suppressisse;
920 1089 977 1131 ut
1014 1088 1087 1130 M.
1121 1085 1300 1131 Cicero
1337 1086 1624 1130 orationem
1655 1084 1928 1130 florentem

324 1152 521 1199 dixisse
542 1166 632 1210 pro
642 1152 834 1198 Roscio
856 1152 1129 1199 admodum
1145 1153 1446 1198 adolescens
1471 1151 1748 1197 videretur.
1786 1152 1833 1194 6.
1853 1150 1928 1195 n-

323 1221 417 1265 lud
449 1220 575 1265 adeo
608 1220 669 1265 ab
700 1220 966 1277 utriusque
988 1218 1218 1265 oratoris
1239 1219 1490 1266 studiosis
1513 1218 1927 1264 animadversum

326 1290 377 1332 et
398 1286 645 1344 scriptum
664 1288 759 1343 est,
793 1288 929 1344 quod
950 1282 1325 1332 Demosthenes
1347 1288 1398 1332 et
1419 1286 1600 1331 Cicero
1621 1283 1732 1342 pari
1754 1285 1930 1329 aetate

324 1352 707 1400 illusstrisimas
740 1354 1005 1400 orationes
1036 1352 1092 1397 in
1126 1353 1294 1397 causis
1328 1352 1582 1410 dixerint,
1625 1351 1758 1397 alter
1795 1342 1930 1395 κατὰ

315 1412 681 1481 Ἀνδροτίωνος
700 1418 785 1466 καὶ
805 1415 935 1465 κατὰ
961 1412 1319 1481 Τιμοκράτους
1340 1423 1532 1478 septem
1555 1421 1609 1464 et
1628 1416 1816 1475 viginti
1839 1429 1906 1461 an

322 1498 418 1531 nos
439 1488 605 1541 natus,
634 1484 769 1531 alter
788 1500 923 1533 anno
948 1487 1120 1533 minor
1141 1500 1234 1543 pro
1254 1486 1310 1531 P.
1337 1486 1572 1548 Quintio,
1604 1485 1933 1542 septimoque

331 1556 383 1598 et
415 1553 663 1598 vicesimo
692 1567 785 1610 pro
808 1555 933 1600 Sex.
952 1554 1161 1600 Roscio.
1233 1555 1282 1599 7.
1322 1555 1580 1600 Vixerunt
1597 1565 1799 1610 quoque
1822 1565 1931 1596 non

327 1619 482 1664 nimis
514 1632 778 1664 numerum
806 1634 1056 1666 annorum
1089 1621 1373 1680 diversum,
1407 1622 1542 1668 alter
1567 1622 1674 1666 tres
1692 1622 1747 1665 et
1765 1631 1901 1664 sexa

324 1686 471 1745 ginta
491 1697 672 1742 annos,
692 1685 1065 1732 Demosthenes
1087 1687 1376 1744 sexaginta.

751 1785 1122 1836 CAPUT
1192 1785 1422 1836 XXIX.

385 1851 521 1950 Quatli
534 1848 951 1950 figura·torati0nae's
980 1857 1027 1896 ct
1050 1865 1188 1908 quam
1213 1865 1336 1896 nova
1355 1853 1410 1895 L.
1430 1851 1537 1895 Piso
1559 1851 1796 1894 annalium
1815 1850 1929 1894 scri-

429 1920 467 1963 p
492 1920 545 1948 or
562 1920 663 1950 mm
679 1920 717 1950 n
742 1937 754 1947 .

395 1969 439 2013 1.
477 1967 621 2013 Duae
644 1967 775 2014 istae
796 1967 851 2013 in
872 1966 1130 2025 loquendo
1151 1967 1344 2024 figurae
1363 1971 1516 2013 notae
1536 1967 1662 2012 satis
1681 1966 1933 2013 usitatae-

324 2048 422 2091 que
447 2037 591 2080 sunt:
628 2034 762 2082 Mihi
785 2049 965 2080 nonaeen
994 2041 1078 2081 est
1101 2034 1258 2089 Iulio,
1289 2039 1365 2080 et:
1403 2035 1528 2079 mihi
1541 2048 1720 2080 nomen
1741 2040 1824 2079 est
1841 2035 1932 2078 Iu-

323 2103 398 2148 lii.
470 2105 519 2146 2.
558 2101 786 2147 Tertiam
814 2103 1023 2160 figuram
1054 2113 1242 2146 novam
1270 2101 1445 2147 hercle
1466 2101 1672 2159 repperi
1688 2099 1822 2158 apud
1843 2099 1933 2144 Pi-

325 2181 503 2214 sonem
523 2167 577 2213 in
598 2169 826 2215 secundo
850 2168 1144 2214 Annalium.
1214 2169 1387 2214 Verba
1405 2168 1611 2213 Pisonis
1636 2167 1763 2212 haec
1783 2169 1933 2213 sunt:

326 2236 387 2282 L.
425 2237 785 2295 Tarquinium,
826 2237 1077 2295 collegam
1103 2249 1274 2288 eveum,
1311 2237 1436 2294 quia
1471 2236 1812 2294 Tarquinium
1839 2249 1933 2280 uo-

325 2316 438 2347 men
460 2309 609 2358 esset,
628 2309 853 2348 metuere
865 2317 889 2361 ‚⁸
927 2315 1140 2361 eumque
1161 2307 1300 2362 orat,
1323 2305 1404 2347 uti
1419 2315 1514 2348 sua
1536 2303 1804 2348 voluntate
1827 2301 1934 2346 Ro-

327 2383 465 2414 mam
485 2369 781 2416 contendat.
854 2370 992 2426 Quia
1021 2371 1386 2428 Tarquinium,
1421 2368 1612 2432 inquit,
1649 2383 1830 2414 nomeu
1850 2381 1935 2414 es-

327 2443 440 2492 set;
476 2435 576 2482 hoc
604 2435 815 2493 perinde
844 2438 949 2497 est,
990 2438 1234 2494 tanquam
1263 2437 1310 2482 si
1339 2449 1435 2495 ego
1464 2435 1658 2481 dicam:
1698 2435 1824 2481 nailei
1841 2449 1934 2482 uo-

327 2515 439 2547 men
458 2508 538 2548 est
555 2503 765 2548 Iulium.

809 2583 1179 2635 CAPUT
1248 2583 1448 2634 XXX.

392 2646 673 2698 Vehiculum,
731 2651 854 2703 quod
890 2661 927 2702 p
938 2663 959 2690 c
972 2655 1027 2691 to
1042 2648 1130 2690 ντί
1138 2656 1250 2692 tum
1287 2653 1572 2704 appellatum,
1629 2647 1796 2692 aciatis
1842 2648 1934 2692 lin-

442 2715 564 2754 guae
579 2703 848 2744 vocabulum
866 2704 941 2750 sit.
966 2703 1171 2746 Graeca«
1191 2720 1252 2746 an
1277 2705 1498 2748 Gallicae.

389 2761 451 2835 >1.
490 2761 590 2812 Qui
612 2763 671 2806 ab
694 2762 799 2806 alio
829 2776 1017 2819 genere
1036 2763 1178 2810 vitae
1198 2765 1374 2811 detriti
1394 2766 1496 2812 iam
1525 2768 1582 2811 et'
1595 2762 1842 2810 retorridi
1865 2763 1934 2810 ad
