2134 3091
356 224 463 275 842
840 228 1056 280 AULI
1128 227 1442 273 GELLH

358 344 483 391 siin
514 343 749 403 genitivo
777 357 980 403 quoque
1010 355 1134 390 casu
1163 345 1342 392 eadem
1371 344 1575 403 syllaba
1605 341 1869 389 finiantur:
1903 342 1958 387 ut

354 426 523 468 mons,
542 424 705 471 pons,
724 412 905 471 frons.
972 414 1022 457 9.
1056 410 1129 455 At
1156 410 1248 457 ilie
1279 414 1458 458 contra
1479 410 1746 457 renidens:
1808 407 1957 467 Audi,

356 478 548 536 inquit,
587 477 869 535 discipule,
903 475 1059 534 plura
1087 476 1196 523 alia
1225 477 1542 539 consimilia,
1581 489 1709 533 quae
1730 489 1840 521 non
1860 474 1962 519 sint

356 545 560 603 generis
579 542 873 589 masculini.
928 545 1007 589 1⁰.
1036 543 1293 591 Petebant
1311 544 1382 590 ibi
1405 556 1599 603 omnes,
1618 546 1678 588 ut
1696 542 1784 587 vel
1805 554 1955 587 unum

356 611 530 657 statim
562 610 793 667 diceret3
842 609 935 656 sed
966 623 1083 657 cnm
1109 610 1262 658 homo
1291 612 1490 657 vultum
1517 611 1869 669 intorqueret,
1905 610 1957 654 et

355 691 463 724 non
491 678 741 735 hisceret,
784 676 1093 735 coloresque
1121 680 1370 725 mutaretz
1408 680 1514 723 tum
1541 690 1637 736 ego
1667 674 1952 733 intercessi,

354 748 431 791 et:
473 743 642 800 Vade,
670 742 893 802 inquam,
922 749 1082 799 nunc,
1111 747 1165 790 et
1183 744 1368 791 habeto
1389 744 1454 791 ad
1475 742 1839 801 requirendum
1861 741 1954 787 tri-

353 810 500 869 ginta
521 810 658 856 dies:
700 813 969 868 postquam
998 810 1286 871 inveneris,
1325 814 1528 870 repetes
1556 823 1670 857 nos.
1743 810 1825 855 11.
1861 811 1990 854 At.-

353 890 451 933 que
480 876 557 922 ita
583 874 847 923 bominem
872 876 1007 921 nulli
1036 877 1132 934 rei,
1169 879 1234 922 nd
1263 877 1609 936 indagandum
1629 875 1952 933 vocabulum,

353 956 453 1000 quo
473 941 797 990 rescinderet
814 943 1104 991 finitionem
1124 944 1308 1007 fictam„
1327 944 1635 991 dimisimus.

893 1057 1404 1115 CAPUT'X.

404 1128 475 1173 De
490 1128 755 1175 voluntario
776 1136 825 1175 et
841 1129 1115 1175 admirando
1135 1130 1324 1173 interim
1341 1131 1576 1187 virginum
1591 1126 1895 1173 Milesiam-mn.

422 1207 468 1251 1.
504 1205 813 1255 Plutarchus
845 1208 898 1253 in
930 1208 1211 1267 librorum,
1253 1220 1381 1263 quos
1408 1205 1544 1267 Περὶ
1572 1204 1742 1269 ψυχῆς
1767 1205 1950 1251 inscri-

349 1273 481 1331 psit,
518 1274 713 1332 primo,
754 1289 863 1321 cum
893 1274 954 1322 de
982 1274 1176 1321 morbis
1199 1273 1476 1319 dissereret
1495 1272 1549 1318 in
1569 1274 1769 1320 animos
1787 1271 1950 1318 homi-

348 1353 471 1386 num
491 1340 865 1397 incidentibus,
906 1340 1134 1399 virgines
1167 1338 1301 1386 dixit
1331 1338 1527 1385 Milesii
1558 1340 1808 1401 nominis,
1848 1340 1951 1385 fer-

347 1418 430 1453 me
450 1410 575 1463 quot
594 1411 703 1453 tum
722 1408 777 1453 in
796 1420 859 1455 ea
878 1406 1088 1453 civitate
1114 1409 1280 1467 erant,
1314 1410 1546 1465 repente,
1575 1406 1688 1453 sine
1707 1406 1822 1453 ulla
1843 1406 1952 1451 evi-

351 1473 494 1519 denti
525 1486 707 1532 causa,
748 1473 1070 1520 voluntatem
1101 1473 1298 1533 cepisse
1339 1472 1604 1520 obeundae
1639 1472 1853 1531 mortis3
1894 1485 1954 1518 ac

351 1538 539 1586 deinde
567 1539 815 1598 plurimas
846 1539 1005 1586 vitam
1032 1540 1312 1600 suspendio
1346 1540 1594 1588 amisisse.
1665 1544 1716 1588 2.
1754 1539 1814 1586 ld
1843 1553 1952 1586 cum

348 1605 607 1654 accideret
628 1607 795 1652 indies
816 1606 1058 1666 crebrius,
1091 1621 1257 1665 neque
1279 1609 1462 1654 animis
1483 1621 1658 1654 earum
1677 1606 1811 1654 mori
1831 1620 1954 1664 per·

346 1672 698 1723 severantium
716 1672 973 1719 medicina
1000 1673 1228 1722 adhiberi
1251 1675 1446 1732 quiret,
1483 1675 1773 1721 decrevisse
1792 1673 1953 1720 Mile-

344 1737 487 1794 sios,
518 1742 576 1784 ut
602 1739 853 1800 virgines,
892 1754 1019 1798 quae
1044 1741 1347 1799 corporibus
1369 1742 1632 1800 suspensis
1653 1741 1954 1788 demortuae

346 1807 551 1865 forent,
591 1809 647 1852 ut
675 1820 767 1852 eae
788 1819 965 1854 omnes
984 1808 1152 1854 nudae
1175 1823 1286 1855 cum
1307 1807 1488 1854 eodem
1505 1810 1718 1866 laqueo,
1759 1807 1851 1866 qui
1871 1821 1953 1854 es-

348 1875 465 1920 sent
482 1873 826 1932 praevinctae,
862 1875 1186 1921 efferrentur.
1259 1875 1386 1922 Post
1413 1875 1467 1922 id
1499 1874 1757 1922 decretum
1788 1874 1954 1934 virgi·

342 1953 440 1986 nes
462 1941 808 1988 voluntariam
828 1945 1040 1987 mortem
1061 1955 1168 1987 non
1188 1941 1398 2002 petisse,
1417 1942 1615 2004 pudore
1637 1943 1756 1988 solo
1779 1941 1954 1989 deter-

344 2007 475 2054 ritas
495 2010 597 2055 tam
618 2007 881 2054 inhonesti
901 2009 1117 2055 funeris.

406 2181 557 2227 Verba
585 2119 988 2227 senatun-omen?
1002 2117 1072 2228 a?
1083 2116 1442 2239 εαῐὲῐίςεῖαἰσξαῐίο
1461 2184 1616 2228 Roma
1627 2183 1928 2240 philosophie
1944 2202 1952 2208 ·

454 2239 567 2282 item
584 2241 723 2282 verba
742 2239 885 2284 edicti
900 2254 1147 2292 censorum,
1169 2253 1255 2298 quo
1277 2240 1536 2295 improbati
1549 2247 1596 2284 et
1613 2240 1811 2283 co‘e'rciti
1825 2247 1948 2290 sunt,

453 2294 534 2352 qm·
558 2295 845 2350 disciplinam
872 2296 1152 2340 rhetoricam
1188 2297 1420 2340 instituere
1455 2302 1502 2340 ct
1531 2309 1738 2340 exercere
1767 2295 1952 2338 Romae

455 2357 711 2405 coeperant.

412 2427 460 2472 1.
498 2427 553 2473 G.
576 2426 777 2474 Fannio
800 2427 1081 2488 Strabone,
1121 2430 1193 2474 M.
1215 2427 1428 2474 Valerio
1449 2426 1675 2474 Messala
1695 2427 1842 2474 Coss.
1866 2439 1950 2472 se-

342 2493 791 2538 natusconsultum
822 2495 885 2539 de
912 2494 1240 2552 philosophis
1271 2497 1323 2540 et
1351 2496 1412 2541 de
1433 2495 1724 2540 rhetoribus
1745 2491 1953 2539 Latinis

328 2558 530 2602 Iactum
554 2561 659 2604 est:
695 2563 768 2605 M.
806 2561 842 2604 P
860 2561 1163 2607 OMPONI
1181 2563 1267 2608 US
1305 2561 1342 2606 P
1361 2558 1563 2607 RAET
1581 2562 1677 2606 OB
1716 2561 1953 2606 SENA-

328 2622 505 2668 ‹TUM
562 2625 1040 2682 CONSULUIT,
1111 2629 1324 2680 QUOD
1380 2628 1634 2674 VERBA
1691 2627 1780 2674 FA
1801 2627 1954 2672 cTA

342 2685 549 2732 SUNT
589 2689 685 2734 DE
722 2691 1259 2738 PHILOSOPHiS
1298 2695 1394 2740 ET
1430 2695 1527 2740 DE
1558 2693 1960 2740 RHETORI-

326 2750 518 2811 ¹BUS3
556 2753 656 2798 DE
693 2755 787 2800 EA
825 2757 1089 2804 RE1TA
1133 2761 1678 2819 CENSUERUNT,
1708 2761 1847 2808 UT1
1877 2763 1954 2806 M.
