2134 3091
313 160 382 210 50
811 161 1024 208 AUL1
1098 164 1417 210 GELLn

311 281 366 325 et
392 291 595 337 specus,
627 277 809 335 quibus
838 279 1033 326 aeditui
1056 280 1339 348 Capitolini
1367 280 1637 326 uterentur
1655 279 1720 327 ad
1740 281 1909 327 custo-

313 347 552 393 diendum
569 359 652 394 res
671 348 872 392 veteres
891 347 1186 406 religiosas.

839 445 1207 496 CAPUT
1278 445 1385 496 xl.

312 527 378 570 De
399 524 574 572 Sicinio
595 529 812 578 Dentato,
833 527 1018 582 egregio
1041 529 1275 578 bellatore,
1304 531 1459 570 ’nulla
1478 533 1729 571 memoratu
1747 526 1899 582 αἱμα.

379 605 424 648 l.
471 605 526 648 1..
549 604 800 650 Sicinium
819 604 1119 662 Dentatum,
1152 604 1240 660 qui
1258 604 1491 650 tribunus
1509 603 1647 662 plebi
1668 603 1791 654 fuit,
1816 603 1902 661 sp.

307 669 548 726 Tarpeio,
571 670 854 717 A.Haterio
877 671 1198 724 consulibus,
1218 670 1461 727 scriptum
1480 673 1559 716 est
1578 671 1628 715 in
1651 669 1795 714 libris
1815 683 1905 715 an·

308 736 540 794 nulibus,
573 736 711 794 plus,
740 749 886 793 quam
915 736 1052 782 credi
1077 738 1283 792 debeat,
1312 741 1573 782 strenuum
1602 737 1903 782 bellatorem

309 803 496 848 fuisse:
539 815 827 860 nomenque
855 803 905 848 ei
933 805 1123 848 factum
1151 807 1215 851 ob
1244 805 1501 862 ingentem
1530 803 1905 862 fortitudinem,

307 868 722 926 appellatumque
742 881 854 915 esse
875 870 1129 916 Achillem
1149 872 1444 918 Romanum.
1500 875 1549 916 2.
1580 872 1629 915 ls
1650 881 1902 928 pugnasse

307 935 362 979 in
399 935 600 981 hostem
638 935 824 982 dicitur
861 939 1064 984 centum
1100 941 1152 982 et
1185 937 1283 982 XX
1320 937 1557 994 proelum
1616 936 1903 983 cicatricem

306 1014 538 1048 aversam
557 1003 768 1058 nullam,
791 1004 1031 1050 adversas
1053 1005 1275 1062 quinque
1296 1004 1444 1050 etXL
1466 1003 1675 1057 tulisse3
1697 1003 1903 1048 coronis

305 1081 418 1114 esse
439 1069 658 1116 donatus
677 1070 848 1117 aureis
869 1074 1007 1126 octo,
1025 1072 1341 1118 obsidionali
1360 1086 1478 1127 una,
1506 1070 1788 1116 muralibus
1808 1069 1904 1116 tri-

305 1137 417 1192 bus,
439 1137 762 1192 civicisX1V‚
785 1139 1051 1195 torquibus
1072 1139 1234 1184 tribus
1254 1142 1307 1184 et
1319 1138 1522 1195 Lxxx,
1546 1137 1765 1184 armillis
1786 1137 1903 1195 plus

305 1206 504 1249 centum
531 1204 646 1261 Lx,
673 1204 834 1250 hastis
863 1205 1245 1263 duodeviginti,
1285 1205 1511 1263 phaleris
1540 1205 1661 1250 item
1684 1205 1903 1250 donatus

299 1271 379 1314 est
401 1270 668 1328 quinquies
692 1272 966 1328 violesque.
1040 1273 1087 1316 3.
1127 1272 1308 1330 Spolia
1334 1271 1584 1316 militaria
1606 1266 1791 1332 [dona]
1811 1270 1903 1314 ha-

300 1337 410 1381 buit
435 1337 737 1395 multiiuga3
784 1338 838 1382 in
864 1337 944 1382 his
973 1339 1338 1395 provocatoria
1357 1339 1618 1394 pleraque.
1696 1337 1748 1380 4.
1788 1335 1905 1380 Tri-

301 1403 562 1460 umphavit
583 1418 694 1450 cum
715 1403 1111 1460 imperatoribus
1133 1404 1242 1449 suis
1262 1404 1548 1462 triumphos
1568 1415 1770 1448 novem.

809 1501 1177 1553 CAPUT
1250 1499 1394 1551 ΧΗ.

359 1564 664 1610 Considerata
689 1582 1008 1633 perpensaque
1038 1571 1114 1611 Iex
1134 1572 1302 1624 quaesit
1300 1583 1362 1609 cm
1383 1566 1799 1622 S‹›10m·s‚speciem
1817 1567 1899 1611 ha·

418 1622 522 1665 bem
546 1622 799 1677 primorem
824 1623 894 1665 im
929 1638 1016 1665 uae
1037 1624 1329 1689 iniustaeque
1349 1622 1483 1677 legis,
1523 1625 1604 1667 sed
1618 1626 1682 1665 ad
1698 1637 1833 1667 usum
1858 1629 1903 1667 et

412 1680 770 1721 emolumentum
788 1680 890 1721 salu
919 1678 1080 1725 rituti:
1096 1678 1281 1736 penitus
1300 1686 1501 1735 reperta.

375 1753 517 1797 l.1n
544 1753 744 1811 legibus
771 1754 985 1801 Solonis
1017 1755 1127 1800 illis
1158 1754 1552 1811 antiquissimis,
1587 1768 1713 1812 quae
1742 1754 1901 1801 Athe-

301 1820 383 1866 nis
405 1819 590 1865 axibus
610 1821 836 1879 ligneis·
822 1821 1016 1867 incisae
1039 1824 1175 1880 sunt,
1193 1835 1414 1879 quasque
1437 1823 1565 1868 latas
1590 1824 1650 1867 ab
1672 1835 1732 1867 eo
1743 1822 1901 1867 Athe-

301 1888 525 1944 nienses,
548 1890 604 1932 ut
623 1888 962 1945 sempiternae
980 1890 1261 1943 manerent,
1289 1890 1469 1947 poenis
1491 1893 1542 1935 et
1559 1889 1899 1947 religionibus

302 1957 614 2011 sanxerunt,
655 1955 825 2014 legem
863 1968 976 2001 esse
1014 1955 1322 2001 Aristoteles
1360 1958 1522 2003 refert
1556 1956 1797 2014 scriptam
1836 1956 1899 2001 ad

298 2021 431 2067 hanc
450 2022 759 2067 sententiam
773 2022 854 2068 :Si
875 2024 938 2068 ob
961 2022 1269 2067 discordiam
1291 2022 1761 2080 dissensionemque
1783 2023 1899 2067 sed-

299 2088 396 2133 itio
418 2090 569 2147 atque
591 2088 840 2135 discessio
859 2087 1042 2146 populi
1062 2088 1117 2133 iu
1140 2089 1263 2135 duas
1286 2092 1452 2147 partes
1482 2091 1592 2147 fiet,
1631 2092 1685 2135 et
1702 2092 1765 2135 ob
1788 2104 1898 2135 eam

299 2168 508 2201 causam
525 2156 747 2203 irritatis
767 2155 955 2201 animis
974 2156 1213 2213 utrinque
1232 2170 1371 2203 arma
1386 2157 1671 2216 capientur,
1702 2170 1899 2215 pugna-

295 2221 550 2279 biturque,
563 2224 672 2268 tum
683 2222 770 2279 qui
788 2222 842 2267 in
863 2236 925 2269 eo
946 2224 1175 2281 tempore
1195 2222 1249 2269 in
1269 2238 1429 2281 eoque
1454 2237 1573 2271 casu
1596 2222 1769 2269 civilis
1793 2223 1897 2268 ‹lis-

298 2287 504 2335 cordiae
534 2302 642 2335 uon
667 2290 919 2335 alterutra
947 2292 1092 2347 parte
1120 2302 1231 2336 sese
1262 2290 1575 2344 adiunxerit,
1607 2290 1697 2335 sed
1716 2289 1899 2335 solita-

294 2354 405 2400 rius
425 2359 791 2413 separatusque
811 2370 840 2401 a
859 2358 1112 2403 communi
1134 2357 1270 2403 malo
1295 2356 1521 2403 civitatis
1542 2356 1829 2411 secesserit,
1853 2355 1898 2401 is

299 2420 468 2479 domo,
489 2422 673 2483 patria,
697 2424 1021 2481 fortunisque
1041 2424 1276 2469 omnibus
1300 2426 1498 2469 careto:
1540 2424 1695 2470 exsul
1718 2427 1918 2469 extor-·

298 2488 474 2544 risque
503 2492 634 2536 esto.
703 2495 750 2535 2.
791 2492 914 2537 Cum
938 2492 1069 2537 hanc
1094 2492 1261 2549 legem
1280 2491 1511 2551 Solonis,
1542 2490 1793 2549 singulari
1816 2502 1898 2535 sa-

296 2553 494 2611 pientia
513 2557 724 2613 praediti
739 2591 751 2614 ,
784 2558 1111 2617 legissemus,
1150 2558 1318 2605 tenuit
1342 2572 1439 2605 nos
1458 2558 1631 2617 gravis
1652 2556 1899 2614 quaedam

295 2620 349 2665 in
376 2620 624 2681 principio
655 2626 954 2685 admiratio,
994 2626 1293 2683 requirens,
1332 2639 1481 2682 quam
1510 2627 1573 2672 ob
1596 2636 1796 2671 causam
1818 2622 1899 2669 di-

294 2699 424 2745 gnos
445 2701 558 2737 esse
585 2706 752 2749 poena
771 2692 1179 2752 existimaverit,
1210 2690 1296 2749 qui
1316 2704 1371 2737 se
1391 2694 1571 2751 procul
1594 2706 1623 2737 a
1643 2690 1898 2736 seditione
