2134 3091
296 198 399 251 398
783 204 994 251 AULl
1069 202 1382 249 GELLH

804 319 922 369 CA
961 318 1005 368 P
1042 319 1090 367 U
1127 318 1176 367 Τ
1247 317 1378 369 XV.

351 386 481 436 Quod
506 385 757 429 Carneades
782 384 1080 429 Academicus
1107 384 1367 427 elleboro
1397 384 1685 427 stomachum
1712 397 1904 442 purg-a-

402 444 486 493 vit,
516 442 767 498 seriphum
796 445 1005 483 adversm
1033 440 1226 484 zenonis
1243 439 1397 484 stoica·
1414 444 1620 485 decreta.-
1659 444 1795 499 deque
1811 456 1904 485 na-

404 506 511 543 tum
530 500 785 554 medelaque
804 495 989 539 ellebori
1006 496 1192 541 candidi
1208 502 1251 539 et
1270 495 1408 551 nigri.

362 561 407 607 1.
444 558 735 605 Carneades
756 556 1117 615 Academicus,
1155 556 1442 614 scripturus
1463 556 1732 603 adversum
1753 556 1905 603 Stoi-

292 626 341 673 ci
370 626 601 672 Zenonis
630 624 823 681 libros,
864 624 1139 681 superiora
1159 622 1394 681 corporis
1415 623 1649 669 elleboro
1673 624 1902 671 candido

291 692 557 751 purgavit3
595 706 659 739 ne
688 688 809 747 quid
836 702 905 735 ex
934 689 1193 749 corruptis
1228 690 1282 735 in
1311 690 1575 736 stomacho
1596 690 1902 739 humoribus

291 760 357 804 ad
378 758 646 805 domicilia
665 770 825 813 usque
845 754 1001 801 animi
1020 756 1350 811 redundaret,
1382 759 1436 801 et
1457 757 1798 803 constantiam
1819 758 1902 803 vi·

291 839 569 884 goremque
590 824 775 870 mentis
798 823 1134 881 labefaceret3
1192 828 1240 869 2.
1281 826 1424 868 tanta
1454 836 1602 879 cura,
1645 827 1901 881 tantoque

292 894 542 950 apparatu
571 891 650 937 sui
682 891 763 936 vir
792 889 1004 947 ingenio
1025 888 1313 947 praestanti
1332 888 1394 933 ad
1414 890 1722 948 refellenda,
1763 905 1900 948 quae

292 958 576 1015 scripserat
597 959 757 1015 Zeno,
781 969 1074 1015 aggressus.
1121 957 1168 1001 3.
1203 956 1258 1003 ld
1279 970 1391 1003 cum
1413 956 1470 1003 in
1489 956 1713 1003 historia
1735 958 1899 1005 Grae-

292 1039 353 1072 ca
373 1024 610 1083 legissem
624 1053 638 1079 ,
675 1024 809 1081 quod
830 1022 1057 1069 elleboro
1089 1024 1310 1069 candido
1332 1023 1578 1081 scriptum
1599 1028 1734 1085 erat,
1775 1026 1898 1083 quid

294 1094 449 1149 esset,
470 1091 721 1148 quaesivi.
790 1092 837 1134 4.
878 1090 1007 1135 Tum
1031 1090 1276 1149 comperi,
1307 1088 1432 1135 duas
1455 1090 1653 1147 species
1673 1092 1896 1138 ellebori

294 1170 407 1205 esse
430 1154 777 1204 discerniculo
800 1156 996 1201 coloris
1016 1156 1266 1215 insignes,
1305 1156 1509 1202 candidi
1531 1160 1583 1202 et
1601 1157 1768 1216 nigri:
1803 1170 1897 1205 eos

294 1228 467 1271 autem
488 1224 690 1272 colores
712 1238 815 1269 non
836 1222 888 1268 in
912 1222 1108 1269 semine
1132 1224 1381 1279 ellebori,
1419 1236 1582 1281 neque
1610 1225 1664 1269 in
1695 1225 1895 1285 virgul-

296 1293 390 1347 tis,
429 1292 517 1337 sed
540 1294 594 1337 in
625 1291 798 1337 radice
822 1290 1082 1351 dignosci3
1124 1290 1342 1337 candido
1364 1291 1679 1337 stomachum
1700 1295 1751 1337 et
1771 1304 1897 1338 ven-

292 1363 423 1405 trem
460 1358 780 1417 snperiorem
820 1358 1192 1403 vomitionibus
1231 1357 1460 1416 purgari3
1511 1358 1662 1415 nigro
1703 1360 1893 1411 alvum.

292 1438 421 1483 quae
444 1425 661 1472 inferior
682 1426 911 1483 vocatur,
931 1423 1106 1471 diluit·
1126 1424 1392 1483 utriusque
1413 1436 1528 1469 esse
1549 1425 1678 1471 hanc
1697 1426 1818 1485 vim,
1839 1428 1893 1471 ut

293 1494 537 1539 humores
556 1492 777 1545 noxios,
816 1492 869 1536 in
892 1492 1078 1550 quibus
1099 1504 1284 1537 causae
1308 1492 1598 1537 morborum
1622 1496 1766 1551 sunt,
1803 1506 1894 1539 ex·

291 1561 513 1605 trabant.
570 1565 615 1606 5.
640 1559 773 1604 Esse
795 1563 959 1604 autem
984 1555 1290 1617 pericnlum,
1311 1570 1378 1604 ne
1401 1558 1536 1606 inter
1557 1571 1736 1606 causas
1755 1575 1896 1608 mor-

291 1631 491 1685 borum,
514 1626 652 1672 omni
678 1639 949 1682 corporum
975 1627 1059 1671 via
1079 1627 1354 1687 patefacta,
1377 1637 1438 1671 ea
1458 1638 1656 1682 quoque
1678 1626 1809 1685 ipsa,
1839 1628 1891 1674 in

290 1693 475 1751 quibus
498 1705 651 1739 causa
674 1692 883 1738 vivendi
908 1696 1003 1746 est,
1025 1692 1412 1753 exinaniantur,
1442 1693 1732 1752 amissoque
1755 1697 1892 1742 omni

290 1760 551 1806 naturalis
573 1759 854 1806 alimoniae
878 1760 1234 1821 fundamento,
1255 1759 1407 1808 homo
1428 1760 1710 1810 exhaustus
1730 1762 1891 1809 inter-

290 1831 393 1873 eat.
462 1830 507 1872 6.
546 1826 648 1872 Sed
680 1827 971 1873 elleborum
998 1826 1130 1875 sumi
1159 1839 1314 1886 posse
1341 1826 1599 1876 tutissime
1632 1830 1688 1876 in
1720 1829 1891 1878 insula

287 1895 553 1953 Anticyra,
582 1893 784 1940 Plinius
805 1893 1072 1940 Secundus
1091 1893 1154 1948 in
1166 1894 1317 1940 libris
1336 1895 1606 1942 Naturalis
1627 1897 1889 1945 Historiae

287 1961 523 2020 scripsit:
562 1965 842 2019 propterea
869 1960 1070 2008 Livium
1099 1961 1348 2018 Drusum,
1388 1961 1476 2020 qui
1497 1963 1732 2012 tribunus
1751 1966 1886 2022 plebi

286 2029 403 2080 fuit,
422 2043 533 2074 cum
552 2030 800 2084 morbum,
824 2027 913 2086 qui
934 2027 1214 2074 comitialis
1236 2027 1441 2084 dicitur,
1470 2033 1748 2089 pateretur,
1783 2034 1886 2078 An-

286 2097 506 2154 ticyram
527 2095 818 2153 navigasse,
842 2099 895 2140 et
916 2095 973 2142 in
993 2107 1057 2143 ea
1075 2094 1250 2140 insula
1270 2095 1559 2144 elleborum
1579 2099 1766 2144 bibisse
1787 2099 1882 2156 ait3

284 2167 437 2219 atque
459 2165 533 2207 ita
555 2165 731 2208 morbo
754 2161 1042 2208 liberatum.
1098 2163 1147 2206 7.
1183 2163 1460 2218 Praeterea
1479 2165 1728 2223 scriptum
1747 2166 1885 2224 legi-

284 2243 415 2289 mus,
436 2230 617 2276 Gallos
638 2229 693 2274 in
716 2229 984 2276 venatibus
1006 2228 1210 2286 tingere
1231 2229 1466 2278 elleboro
1489 2231 1724 2290 sagittas,
1751 2233 1882 2289 quod

285 2296 351 2341 iis
373 2296 509 2342 ictae
532 2295 857 2342 exanimatae
881 2297 1020 2343 ferae
1040 2295 1329 2342 teneriores
1350 2297 1413 2341 ad
1434 2299 1612 2354 epulas
1633 2299 1776 2344 fiant:
1797 2299 1882 2346 sed

286 2366 501 2421 propter
521 2362 739 2409 ellebori
762 2362 1074 2421 contagium,
1087 2363 1306 2410 vulnera
1322 2375 1391 2410 ex
1414 2364 1618 2422 sagittis
1637 2367 1773 2412 tacta
1786 2366 1882 2416 cir-

284 2429 571 2476 cumcidere
592 2428 749 2476 latius
771 2429 1033 2476 dicuntur.

776 2510 895 2560 CA
930 2509 974 2560 P
1012 2511 1059 2560 U
1097 2511 1147 2560 T
1217 2510 1386 2562 XVI.

342 2575 509 2618 Anates
545 2575 765 2618 Ponticae
800 2577 894 2620 vim
926 2577 1090 2620 habere
1117 2579 1292 2620 venem}
1324 2578 1606 2631 detergenda}
1629 2583 1879 2631 potentem.

390 2630 668 2726 Zflqlzeveuflrlaeibi
698 2634 749 2673 de
768 2631 1065 2675 Mithridatis
1093 2634 1214 2688 regis
1239 2634 1290 2676 iu
1316 2634 1370 2676 id
1391 2646 1530 2688 genus
1549 2633 1885 2678 medicamentis

356 2746 399 2787 1.
438 2745 631 2788 Anates
660 2743 904 2790 Ponticas
936 2747 1126 2793 dicitur
1155 2748 1369 2794 edundis
1393 2747 1550 2806 vulgo
1575 2748 1786 2796 vehenis
1809 2751 1881 2797 vi-
